1657 2636
404 100 433 128 P.
467 99 628 126 vanem
662 99 836 125 MARoNffl
867 86 1066 124 Assisstmos
1095 97 1170 123 Lm.
1207 98 1228 123 Ι.

127 198 237 233 Unde
256 197 448 232 hominum
464 208 593 241 genus,
611 202 645 230 et
666 195 826 241 pecudes
845 208 853 236 ;
880 194 977 228 unde
997 194 1113 228 imber
1130 200 1164 227 et
1185 193 1286 237 ignes
1306 206 1314 233 ς

125 258 320 292 Arcturum
339 254 554 301 pluviasque
576 253 730 298 Hyadas
748 252 991 298 geminosque
1011 251 1166 286 Triones
1184 263 1190 285 :

126 313 226 358 Quid
243 320 386 349 tantum
406 313 558 348 Oceano
577 318 772 357 properent
791 321 830 345 se
848 310 1013 355 tinguere
1031 309 1128 344 soles

131 371 298 415 Hiberni‚
316 371 374 406 vel
391 381 487 416 quae
504 369 621 405 tardis
640 380 743 404 mora
761 368 930 403 noctibus
949 368 1081 403 obstet.

131 429 366 475 Ingeminant
384 429 512 474 plausu
532 427 631 472 Tyrii
651 428 839 469 Troesque
855 435 1068 471 sequuntur.

175 487 333 522 Necnon
351 493 387 522 et
404 485 506 521 vario
523 492 670 520 noctem
688 496 856 519 sermone
883 484 1052 518 trahebat

131 545 261 580 Infelix
279 545 380 579 Dido
398 545 622 589 longumque
639 542 790 577 bibebat
807 553 983 584 amorem,

131 603 251 638 Multa
267 613 377 647 super
397 601 542 636 Priamo
561 601 736 646 rogitans,
754 611 864 645 super
884 601 1046 634 Hectore
1064 600 1179 634 inulta
1194 612 1202 641 ;

132 661 252 703 Nunc,
270 661 403 706 quibus
423 662 585 694 Aurorae
602 658 763 693 venisset
782 658 876 692 filius
894 657 1006 692 armis
1023 670 1031 699 ;

131 719 254 763 Nune,
272 719 399 763 quales
419 717 614 752 Diomedis
632 716 715 763 equi
733 729 741 758 ;
767 727 875 758 nunc,
893 724 1051 761 quantus
1070 716 1245 750 Achilles.

132 775 300 819 “lmmo,
318 787 396 821 age.
417 782 454 811 et
470 786 493 809 a
509 775 629 820 prima
645 774 705 809 dic
723 774 857 819 hospes
875 773 1015 818 origine
1033 773 1140 808 nobis

135 833 328 877 Insidias‚”
346 833 474 879 inquit,
493 833 514 850 “
529 834 713 875 Danaum,
733 842 914 876 casusque
932 838 1088 875 tuorum,

134 893 359 936 Erroresque
377 898 459 927 tuos
476 904 484 933 ;
509 902 597 925 nam
615 898 650 925 te
663 891 742 935 jam
761 889 919 934 septima
935 896 1056 935 portat

135 950 319 986 Omnibus
336 956 521 985 errantem
538 948 644 984 terris
662 955 697 983 et
715 948 885 982 fluctibus
903 947 1058 983 aestas.'’

1466 86 1511 122 47

1456 607 1523 642 750

1460 897 1523 932 755
