1657 2636
364 100 395 128 P.
429 100 589 128 VERGILI
618 101 796 128 iunonis
825 101 1025 127 astismos
1057 101 1131 127 [ΑΒ.
1167 101 1189 126 ι.
1425 91 1470 128 41

135 197 333 241 Postquam
352 197 563 243 introgressi
578 205 613 233 et
632 209 757 232 coram
775 198 862 232 data
880 197 986 244 copia
1004 196 1118 239 sandi,
1415 206 1481 241 5²0

89 255 274 291 Maximus
296 255 455 290 Ilioneus
474 256 619 301 placido
638 256 689 290 sic
709 264 855 301 pectore
873 255 993 301 coepit
1011 267 1018 289 2

88 313 108 332 “
123 314 155 349 O
175 313 314 358 regina,
334 325 469 348 novam
487 313 544 348 cui
563 314 721 348 condere
738 314 907 359 juppiter
925 314 1065 356 urbem,

85 371 306 418 justitiaque
324 371 425 406 dedit
443 379 572 416 gentes
598 372 741 407 frenare
760 373 950 418 superbas,

87 432 204 467 Troes
222 438 257 466 te
275 431 410 473 miseri,
430 430 548 465 ventis
566 430 681 464 maria
695 429 820 464 omnia
837 429 942 472 vecti,

87 491 248 526 Oramus
267 502 274 524 :
302 490 453 535 prohibe
474 489 644 523 infandos
662 501 684 522 a
702 489 856 522 navibus
876 488 990 531 ignes,
1416 496 1479 531 525

88 548 203 583 Parce
220 548 281 591 pio
298 547 435 592 generi,
454 554 490 582 et
508 546 658 592 propius
677 558 734 581 res
752 546 877 591 aspice
897 553 1049 580 nostras.

89 606 174 640 Non
193 616 260 640 nos
278 612 341 639 aut
359 605 454 639 ferro
474 604 631 648 Libycos
651 605 826 649 populare
849 605 1004 638 Penates

86 663 278 706 Venimus,
298 670 360 698 aut
378 670 502 708 raptas
521 663 567 696 ad
587 662 693 696 litora
712 670 851 697 vertere
870 663 1036 707 praedas.

87 723 174 757 Non
192 733 237 757 ea
255 721 309 756 vis
327 721 465 764 animo,
486 732 554 755 nec
573 728 676 755 tanta
701 720 873 765 superbia
891 720 1007 755 victis.

86 781 156 816 Est
173 780 288 823 locus,
311 779 532 825 Hesperiam
553 779 654 813 Graii
681 779 902 823 cognomine
921 778 1058 821 dicunt,
1415 788 1482 823 530

86 840 202 874 Terra
219 838 381 884 antiqua,
399 844 530 883 potens
548 837 661 871 armis
679 844 789 881 atque
809 838 920 871 ubere
937 837 1093 881 glaebae
1109 849 1118 879 ς

87 896 241 932 Oenotri
260 896 404 931 coluere
422 895 487 930 viri
507 908 515 937 ;
542 906 638 930 nunc
657 895 754 929 sama
771 895 932 929 minores

89 955 233 990 Italiam
252 954 388 989 dixisse
406 953 510 988 ducis
528 954 574 988 de
592 953 742 988 nomine
758 960 918 997 gentem.

89 1014 173 1048 Huc
191 1024 318 1048 cursus
337 1012 401 1046 suit
419 1024 426 1046 :

87 1072 210 1118 Quum
228 1070 349 1106 subito
367 1071 571 1115 adsurgens
591 1070 701 1105 fluctu
719 1070 910 1105 nimbosus
931 1071 1045 1105 Orion
1418 1081 1480 1116 535

89 1130 131 1165 In
149 1129 245 1164 vada
262 1140 374 1164 caeca
393 1128 486 1171 tulit,
507 1128 727 1174 penitusque
745 1128 962 1173 procacibus
981 1129 1113 1164 austris

88 1189 229 1233 Perque
248 1187 378 1229 undas,
399 1193 595 1231 superante
613 1187 703 1230 salo,
721 1197 858 1232 perque
877 1187 975 1221 invia
992 1198 1079 1221 saxa

87 1245 251 1292 Dispulit
267 1257 274 1280 :
301 1245 373 1279 huc
391 1244 496 1290 pauci
515 1244 646 1279 vestris
664 1245 884 1279 adnavimus
902 1245 984 1279 oris.

87 1304 196 1350 Quod
213 1314 330 1348 genus
347 1303 418 1338 hoc
436 1302 656 1337 hominum?
681 1314 822 1348 quaeve
841 1303 937 1337 hunc
957 1311 1031 1338 tani
1051 1304 1208 1338 barbara
1226 1315 1368 1339 morem

89 1362 270 1398 Permittit
288 1361 431 1406 patria?
455 1360 616 1407 hospitio
634 1361 872 1406 prohibemur
887 1373 1020 1397 arenae
1036 1374 1044 1397 :
1417 1373 1484 1407 540

87 1421 193 1457 Bella
209 1420 318 1463 cient,
336 1419 529 1465 primaque
547 1426 674 1455 vetant
691 1419 893 1455 consistere
911 1428 1017 1455 terra.

12 1469 71 1550 St)
88 1479 127 1516 Si
144 1489 260 1524 genus
278 1478 482 1512 humanum
499 1485 535 1512 et
554 1477 724 1512 mortalia
741 1478 905 1513 temnitis
923 1489 1037 1522 arma,

0 1525 14 1585 ξ
86 1541 134 1573 At
154 1543 298 1582 sperate
316 1536 406 1570 deos
425 1547 607 1570 memores
625 1536 727 1570 fandi
745 1543 854 1582 atque
874 1536 1032 1572 nefandi.

135 1593 474 1634 Reii-{Htfieneas
491 1593 610 1638 nobis,
629 1605 702 1639 quo
715 1594 849 1639 justior
866 1595 958 1628 alter

89 1654 171 1689 Nec
188 1652 324 1698 pietate
344 1651 420 1694 fuit,
439 1662 507 1686 nec
526 1651 622 1685 bello
641 1652 759 1696 major
775 1660 811 1686 et
829 1652 942 1686 armis
959 1664 967 1693 ς
1159 1670 1162 1672 -
1416 1664 1480 1700 5⁴5

88 1712 210 1756 Quem
227 1710 257 1745 si
275 1710 351 1745 sata
368 1710 485 1744 virum
504 1716 662 1752 servant,
677 1710 706 1744 si
725 1710 884 1744 vescitur
901 1722 991 1745 aura

86 1768 272 1811 Aetheria,
287 1779 405 1813 neque
423 1768 544 1802 adhuc
563 1767 772 1802 crudelibus
791 1769 947 1803 occubat
966 1769 1118 1812 umbris,

89 1829 176 1863 Non
193 1833 314 1861 metus
331 1838 339 1867 ;
364 1825 484 1860 officio
502 1837 570 1860 nec
589 1832 624 1860 te
642 1833 803 1860 certasse
822 1827 980 1870 priorem

89 1884 302 1922 Paeniteat:
330 1891 413 1918 sunt
431 1890 467 1918 et
487 1883 619 1918 Siculis
638 1883 846 1928 regionibus
867 1885 985 1928 urbes,

85 1945 284 1989 Armaque,
303 1942 538 1987 Trojanoque
556 1953 578 1976 a
595 1942 773 1986 sanguine
791 1944 909 1978 clarus
928 1945 1092 1979 Acestes.
1415 1955 1484 1992 550

87 2003 313 2046 Quassatam
330 1999 449 2035 ventis
467 2000 574 2035 liceat
593 2001 796 2035 subducere
815 2002 984 2045 classem,

87 2062 136 2096 Et
153 2060 254 2097 silvis
272 2066 398 2105 aptare
415 2059 549 2102 trabes,
568 2065 603 2094 et
622 2059 800 2104 stringere
819 2071 940 2095 remos
958 2071 968 2096 ε

87 2119 126 2155 Si
144 2119 252 2154 datur
272 2117 428 2159 Italiam,
447 2117 556 2152 sociis
574 2125 608 2152 et
630 2129 713 2161 rege
732 2126 891 2164 recepto,

86 2177 266 2220 Tendere,
283 2182 323 2211 ut
343 2176 489 2211 Italiam
507 2175 591 2210 laeti
615 2176 830 2221 Latiumque
845 2184 1012 2221 petamus
1027 2190 1037 2215 ε

87 2236 152 2271 Sin
169 2235 365 2279 absumpta
383 2234 491 2275 salus,
511 2241 545 2268 et
565 2241 610 2274 te,
631 2241 733 2278 pater
753 2235 890 2279 optime
909 2237 1105 2282 Teucrum,
1416 2248 1433 2287 5
1440 2250 1456 2285 5
1463 2250 1480 2285 5

88 2295 226 2329 Pontus
245 2293 356 2327 habet
376 2292 525 2336 Libyae,
542 2302 611 2326 nec
629 2304 714 2336 spes
728 2293 804 2336 jaun
826 2301 935 2328 restat
959 2295 1025 2329 luli
1042 2308 1051 2337 ;

86 2353 136 2397 At
154 2351 245 2386 freta
264 2349 434 2385 Sicaniae
452 2349 583 2384 saltem
602 2350 782 2396 sedesque
808 2359 964 2397 paratus,
