1657 2636
429 85 460 111 P.
505 83 664 110 vanuum
695 83 872 110 unionis
902 80 1100 109 AENssllu‘ffl
1131 83 1204 108 [AB.
1240 83 1261 108 Ι,

159 177 258 215 Nota
275 180 339 216 tibi
358 195 365 223 ;
392 188 427 216 et
445 189 571 216 nostro
588 180 736 215 doluisti
757 191 866 225 saepe
885 180 1019 214 dolore.

158 238 267 274 Nunc
288 239 491 274 Phoenissa
508 246 606 275 tenet
628 239 739 282 Dido,
758 239 977 284 blandisque
996 247 1158 274 moratur

158 295 318 332 Vocibus
335 310 341 332 :
369 304 404 333 et
422 309 561 341 vereor,
579 308 652 342 quo
670 308 709 331 se
731 296 886 340 lunonia
904 304 1045 331 vertant

158 354 330 400 Hospitia
349 369 356 397 ;
383 356 482 390 haud
501 362 604 391 tanto
623 355 781 390 cessabit
801 355 949 389 cardine
970 367 1097 389 rerum.

157 412 340 455 Quocirca
358 425 489 458 capere
507 421 592 448 ante
611 413 715 455 dolis,
735 420 770 447 et
789 413 935 456 cingere
956 413 1105 447 flamma

157 470 339 514 Reginam
359 471 525 514 meditor,
545 483 591 506 ne
609 482 681 516 quo
700 482 738 505 se
757 470 906 505 numine
924 479 1050 513 mutet,

158 528 232 563 Sed
251 539 385 573 magno
403 530 553 564 Aeneae
572 541 715 564 mecum
735 536 903 563 teneatur
919 540 1052 564 amore.

156 585 241 628 Qua
258 586 377 622 facere
395 587 431 622 id
451 587 584 632 possis,
604 595 767 621 nostram
787 598 883 621 nunc
902 588 1029 631 accipe
1048 595 1218 624 mentem.

157 643 296 688 Regius
314 644 431 680 accitu
451 646 523 679 cari
542 645 718 690 genitoris
737 645 782 679 ad
803 646 930 679 urbem

157 701 349 737 Sidoniam
369 714 458 748 puer
475 703 526 737 ire
544 710 658 748 parat,
679 714 762 737 mea
780 702 938 737 maxima
958 714 1057 744 cura,

159 759 270 794 Dona
286 761 417 803 ferens,
437 761 568 806 pelago
586 769 620 795 et
638 761 797 795 flaminis
816 761 992 795 restantia
1011 761 1153 806 Trojae.

162 818 271 852 Hunc
289 829 358 862 ego
376 819 535 863 sopitum
554 830 686 853 somno
704 830 814 864 super
832 819 905 853 alta
926 819 1086 861 Cythera

159 876 231 910 Aut
250 888 360 921 super
380 877 534 911 Idalium
555 884 699 912 sacrata
718 878 805 911 sede
825 877 1034 919 recondam,

162 934 219 968 Ne
237 946 309 980 qua
327 934 419 970 scire
437 935 542 969 dolos
560 935 752 970 mediusve
770 946 960 969 occurrere
980 935 1105 980 possit.

159 993 215 1026 Tu
233 992 365 1027 faciem
385 993 480 1028 illius
499 1000 646 1028 noctem
664 1005 738 1027 non
757 993 915 1038 amplius
934 1005 1044 1027 unam

161 1050 262 1084 Faue
280 1050 379 1093 dolo,
400 1057 435 1085 et
454 1058 560 1085 notos
579 1050 679 1095 pueri
700 1051 810 1085 indue
827 1051 946 1085 voltus
966 1063 972 1085 z

162 1108 224 1151 Ut,
243 1119 355 1153 quum
374 1115 410 1143 te
427 1109 567 1153 gremio
585 1108 741 1154 accipiet
761 1109 983 1144 laetisssima
1006 1109 1104 1143 Dido

161 1166 320 1210 Regales
339 1167 433 1201 inter
449 1178 598 1201 mensas
617 1166 838 1211 laticemque
867 1167 1039 1210 Lyaeum,

161 1224 285 1268 Quum
303 1224 405 1259 dabit
423 1225 613 1269 amplexus
632 1233 744 1269 atque
762 1225 888 1259 oscula
907 1225 1028 1259 dulcia
1047 1226 1144 1270 figet,

161 1282 356 1317 Occultum
375 1282 530 1327 inspires
548 1283 671 1327 ignem
690 1283 869 1328 fallasque
886 1283 1061 1317 veneno.⁷'

162 1340 269 1375 Paret
286 1341 402 1375 Amor
419 1340 528 1375 dictis
546 1352 654 1375 carae
671 1340 870 1385 genitricis,
889 1349 923 1375 et
942 1341 1021 1375 alas

161 1397 285 1442 Exuit,
301 1406 337 1434 et
354 1410 482 1443 gressu
501 1398 666 1443 gaudens
685 1399 823 1433 incedit
845 1399 922 1433 luli.

206 1457 256 1491 At
273 1456 401 1491 Venus
422 1455 581 1490 Ascanio
599 1456 784 1501 placidam
803 1467 867 1501 per
885 1457 1052 1490 membra
1070 1458 1230 1502 quietem

165 1513 317 1559 Inrigat,
336 1520 372 1548 et
389 1513 504 1548 sotum
522 1513 664 1558 gremio
682 1514 753 1548 dea
771 1514 862 1548 tollit
883 1514 917 1548 in
937 1515 1031 1548 altos

166 1571 305 1606 Idaliae
323 1572 439 1614 lucos,
459 1571 520 1606 ubi
539 1571 658 1605 mollis
676 1582 845 1606 amarcus
864 1572 964 1606 illum

165 1630 335 1665 Floribus
352 1636 387 1665 et
405 1629 502 1664 dulci
521 1629 689 1674 aspirans
707 1630 963 1675 complectitur
980 1630 1119 1666 umbra.

163 1689 320 1734 Jamque
339 1688 414 1723 ibat
433 1687 533 1722 dicto
551 1699 695 1733 parens,
715 1695 750 1722 et
769 1689 868 1723 dona
887 1688 1032 1734 Cupido

165 1747 284 1792 Regia
302 1747 471 1793 portabat
490 1745 622 1790 Tyriis,
642 1746 735 1781 duce
753 1747 870 1781 laetus
888 1747 1043 1782 Achate.

165 1807 288 1851 Quum
307 1805 416 1847 venit,
436 1803 575 1839 aulaeis
589 1804 668 1849 jam
687 1816 726 1839 se
745 1805 872 1850 regina
891 1806 1057 1850 superbis

163 1866 287 1900 Aurea
305 1862 512 1909 composuit
532 1863 687 1907 sponda,
709 1864 943 1909 mediamque
963 1865 1105 1900 locavit.

210 1924 293 1969 Jam
312 1929 415 1969 pater
432 1923 578 1956 Aeneas
597 1921 724 1966 etjam
744 1923 907 1967 Trojana
922 1923 1095 1968 juventus

165 1980 410 2024 Conveniunt,
428 1987 616 2025 stratoque
636 1992 745 2025 super
763 1981 1008 2016 discumbitur
1026 1989 1134 2016 ostro.

165 2035 269 2075 Dant
287 2039 411 2074 famuli
430 2038 601 2074 manibus
621 2039 801 2084 lymphas,
822 2039 1069 2085 Cereremque
1087 2041 1257 2077 canistris

166 2097 390 2143 Expediunt,
410 2096 601 2142 tonsisque
619 2097 738 2132 ferunt
757 2098 932 2132 mantelia
950 2098 1041 2133 vilis.

165 2154 446 2201 Quinquaginta
464 2154 561 2188 intus
579 2155 751 2197 famulae,
772 2155 905 2200 quibus
924 2156 1052 2191 ordine
1072 2157 1220 2201 longam

167 2214 265 2249 Cura
282 2223 419 2258 penum
437 2219 589 2255 struere,
606 2219 641 2247 et
661 2212 819 2247 flammis
837 2213 985 2248 adolere
1007 2215 1163 2250 Penates
1181 2227 1188 2250 :

167 2271 327 2308 Centum
344 2270 450 2315 aliae,
468 2269 823 2318 totidemquevpares
841 2279 964 2309 aetate
981 2272 1150 2315 ministri.

1484 825 1554 859 680

1486 1116 1553 1159 685

1493 1696 1559 1740 695

1501 2289 1566 2327 705
