1652 2620
90 109 138 147 42
372 119 404 148 r.
435 119 598 148 vnum
631 121 807 150 nanetus
836 123 1035 151 Αεκκιοοι
1066 124 1142 152 ιιι.
1174 124 1198 153 ι.

93 216 202 252 Unde
219 216 290 252 huc
309 216 467 258 advecti,
486 228 684 263 regemque
703 225 870 264 petamus
889 220 1094 256 Acestem!

134 274 288 310 Talibus
311 275 470 310 Ilioneus
489 289 496 316 ;
522 276 643 311 cuncti
664 276 771 311 simul
789 288 852 311 ore
870 277 1075 315 fremebant

90 332 338 368 Dardanidae.
1417 341 1487 389 5⁶0

134 391 231 426 Tum
250 390 408 426 breviter
428 391 538 435 Dido,
557 392 696 427 voltum
715 392 891 433 demissa.
912 394 1099 439 profatur:

89 449 263 484 “Solvite
281 449 392 483 corde
411 457 560 490 metum,
579 450 723 493 Teucri,
743 451 920 486 secludite
946 463 1062 488 curas.

92 508 164 542 Res
182 507 274 542 dura
291 515 324 541 et
345 507 447 551 regni
466 507 610 542 novitas
629 519 687 543 me
705 509 792 544 talia
810 520 945 554 cogunt

92 565 228 607 Moliri,
246 573 281 600 et
301 565 373 600 late
392 565 482 600 fines
499 566 652 600 custode
671 566 771 601 tueri.

90 621 182 667 Quis
200 633 317 667 genus
335 623 565 665 Aeneadum,
585 624 668 669 quis
686 624 819 670 Trojae
846 627 983 661 nesciant
1004 628 1158 664 urbem?
1418 632 1484 679 565

89 680 338 726 virtutesque,
355 680 535 726 virosque,
554 689 589 716 et
608 681 700 717 tanti
720 682 889 718 incendia
907 684 1020 721 belli?

92 739 177 773 Non
195 739 327 774 obtusa
346 738 440 773 adeo
457 747 647 783 gestamus
666 749 815 786 pectora
837 742 960 784 Poeni,

92 795 172 829 Nec
192 803 265 830 tam
284 807 434 830 aversus
451 807 567 842 equos
586 797 698 841 Tyria
718 798 780 832 Sol
793 798 914 844 jungit
932 800 979 834 ab
998 801 1097 837 urbe.

91 854 163 888 Seu
183 865 248 888 vos
270 853 489 899 Hesperiam
508 865 682 899 magnam
703 856 948 903 Saturniaque
965 870 1051 893 arva

91 912 177 947 Sive
197 912 326 956 Erycis
345 911 437 946 fines
456 923 654 958 regemque
679 913 816 958 optatis
834 916 1020 959 Acestem,
1420 929 1490 967 370

89 970 237 1005 Auxilio
255 977 352 1004 tutos
370 970 569 1013 dimittam,
589 971 795 1018 opibusque
808 972 956 1018 juvabo.

89 1028 209 1063 Voltis
226 1036 261 1063 et
280 1027 338 1062 his
357 1039 501 1062 mecum
521 1029 656 1073 pariter
674 1031 868 1066 considere
886 1032 1036 1075 regnis?

94 1085 235 1120 Urbem
253 1096 364 1131 quam
383 1093 504 1121 statuo
522 1095 645 1121 vestra
663 1096 718 1123 est
738 1101 746 1129 3
771 1089 965 1125 subducite
982 1102 1095 1126 naves
1113 1104 1122 1133 ;

89 1144 184 1179 Tros
203 1144 408 1189 Tyriusque
427 1144 515 1179 mihi
534 1145 635 1179 nullo
652 1145 865 1182 discrimine
881 1156 1018 1193 agetur.

90 1202 212 1247 Atque
230 1201 371 1237 utinam
390 1213 450 1236 rex
471 1202 549 1248 ipse
570 1203 671 1238 Noto
689 1206 900 1250 compulsus
918 1206 1050 1242 eodem
1422 1218 1487 1257 575

89 1259 229 1295 Afforet
250 1261 397 1294 Aeneas
415 1273 423 1302 ;
450 1260 622 1306 equidem
642 1272 706 1306 per
724 1262 830 1297 litora
848 1271 966 1299 certos

92 1317 300 1361 Dii-uittam,
318 1325 353 1352 et
374 1317 511 1362 Libyae
529 1318 683 1354 lustrare
703 1328 866 1356 extrema
879 1321 1029 1366 jubebo,

92 1375 131 1411 Si
151 1375 284 1421 quibus
301 1375 441 1420 ejectus
461 1375 561 1410 silvis
578 1384 638 1411 aut
659 1377 810 1412 urbibus
828 1379 961 1415 errat.”

140 1434 211 1468 His
229 1433 394 1468 animum
412 1434 542 1469 arrecti
562 1434 671 1470 dictis
688 1444 723 1470 et
742 1435 847 1471 sortis
864 1437 1027 1473 Achates

93 1492 141 1528 Et
159 1499 263 1538 pater
281 1493 427 1526 Aeneas
441 1491 661 1536 jamdudum
680 1504 872 1540 erumpere
890 1495 1025 1531 nubem
1423 1498 1492 1546 580

91 1550 282 1585 Ardebant
302 1563 309 1591 ς
337 1550 435 1595 prior
454 1555 476 1583 ,Δ
488 1561 605 1585 enean
625 1552 823 1597 compellat
842 1553 1005 1588 Achates
1021 1566 1029 1589 :

92 1608 228 1644 “Nate
250 1609 341 1649 Dea,
362 1620 457 1654 quae
476 1621 572 1644 nunc
591 1610 716 1644 animo
735 1611 916 1646 sententia
936 1612 1049 1657 surgit
1066 1613 1079 1647 ?
1300 1619 1320 1634 0

93 1666 232 1702 Omnia
249 1674 326 1702 tuta
347 1666 650 1707 vides.‘classem,
671 1668 863 1715 sociosque
888 1679 1065 1715 receptos.

97 1726 204 1760 Unus
222 1724 341 1766 abest,
363 1725 486 1759 medio
511 1725 545 1759 iu
567 1725 676 1760 fluctu
695 1738 805 1772 quem
824 1727 983 1762 vidimus
1002 1728 1069 1774 ipsi

95 1783 335 1819 Submersum
357 1796 364 1818 :
390 1782 499 1817 dictis
518 1784 742 1829 respondent
760 1792 881 1820 cetera
899 1787 1057 1821 matris.'’
1425 1789 1492 1837 585

93 1841 165 1876 Vix
182 1853 227 1876 ea
245 1841 340 1875 fatus
358 1848 446 1882 erat,
465 1852 578 1887 quum
598 1841 817 1877 circumfusa
836 1851 985 1888 repente

99 1899 242 1935 Scindit
261 1910 299 1934 se
319 1899 435 1933 nubes
453 1907 487 1934 et
509 1899 542 1934 in
558 1900 709 1934 aethera
728 1908 858 1946 purgat
877 1910 1055 1945 apertum.

99 1956 249 1992 Restitit
268 1958 423 2000 Aeneas,
442 1957 614 2003 claraque
634 1957 668 1991 in
689 1958 768 1993 luce
788 1959 937 2002 refulsit,

99 2017 154 2050 Os
171 2015 418 2060 humerosque
442 2015 522 2049 lleo
541 2014 670 2049 similis
691 2029 697 2051 z
725 2027 885 2062 namque
904 2017 982 2063 ipsa
1000 2017 1172 2054 decoram

100 2072 310 2108 Caesariem
330 2080 418 2108 nato
435 2073 589 2115 genitrix
609 2073 805 2119 lumenque
819 2074 992 2119 juventae
1427 2086 1497 2125 ςφ

105 2132 330 2177 Purpureum
348 2139 381 2165 et
404 2132 519 2165 laetos
537 2131 652 2166 oculis
670 2131 811 2167 afflarat
830 2132 990 2169 honores
1008 2147 1013 2167 :

17 2199 19 2205 ·
49 2203 57 2222 J
103 2189 221 2234 Quale
241 2200 370 2224 mainus
389 2190 527 2224 addunt
547 2189 647 2224 ebori
666 2189 779 2224 decus
797 2197 857 2226 aut
877 2191 938 2226 ubi
957 2190 1052 2226 flavo

103 2249 306 2293 Argentum
329 2247 500 2282 Pariusve
519 2247 612 2294 lapis
629 2248 877 2284 circumdatur
893 2259 990 2285 auro.
1023 2243 1052 2304 J

150 2306 247 2341 Tum
265 2304 318 2340 sic
338 2305 502 2350 reginarii
521 2305 716 2352 alloquitur
742 2307 957 2353 cunctisque
975 2315 1126 2354 repente
