1652 2620
74 94 126 134 44
357 103 389 131 t.
422 103 586 131 vuotu
615 103 793 132 ¹380!ss
822 103 1024 132 ΑΙΙΙΙΒΟ.
1053 103 1132 132 ιι..
1162 103 1186 132 1.

73 202 200 244 Tecta,
220 202 327 238 simul
346 201 471 236 divum
490 200 637 245 templis
656 199 782 236 indicit
801 200 990 236 honorem.

77 260 158 296 Nec
176 260 297 295 minus
316 258 454 294 interea
473 258 582 293 sociis
601 258 648 292 ad
677 258 782 293 litora
800 258 910 294 mittit

74 317 231 362 Virginti
251 325 389 358 tauros,
409 327 626 360 magnorum
646 315 832 351 horrentia
850 323 999 351 centum

74 376 196 421 Terga
215 386 333 415 suum,
352 373 507 420 pingues
525 381 674 409 centum
691 384 775 409 cum
794 373 972 409 matribus
989 385 1120 419 agnos,

79 434 234 469 Munera
253 432 504 478 laetitiamque
521 432 581 466 dii.

121 493 173 528 At
188 491 322 526 domus
340 489 489 525 interior
507 489 619 534 regali
639 489 833 536 splendida
851 490 935 526 luxu

79 547 272 584 Instruitur
291 546 496 593 mediisque
516 556 641 593 parant
662 547 831 583 convivia
849 549 978 584 tectis:

75 607 164 642 Arte
183 606 371 641 laboratae
389 613 510 640 vestes
527 613 701 651 ostroque
725 607 884 651 superbo
901 619 909 642 ε

79 664 215 708 Ingens
233 672 426 707 argentum
445 663 584 698 mensis
602 664 817 709 caelataque
836 664 870 699 in
889 676 979 700 auro

77 722 203 757 Fortia
219 722 316 757 sacta
336 730 490 766 patrum,
510 720 624 756 series
643 721 858 766 longissima
877 734 996 758 rerum

77 781 146 816 Per
163 788 215 815 tot
233 780 344 814 ducta
364 780 458 814 viros
477 778 628 824 antiqua
646 780 693 814 ab
710 779 852 824 origine
868 781 999 824 gentis.

120 840 280 879 Aeneas,
298 848 416 883 neque
433 837 530 872 enim
551 837 689 882 patrius
712 837 914 873 consistere
932 847 1093 874 mentem

76 897 212 932 Passus
230 906 343 937 amor,
363 895 532 941 rapidum
549 895 598 930 ad
615 906 730 930 naves
747 895 947 940 praemittit
967 897 1158 939 Achatem,

74 955 235 991 Ascanio
253 955 342 989 serat
362 954 465 994 hacc,
484 953 676 999 ipsumque
694 954 742 989 ad
760 954 908 989 moenia
925 954 1037 990 ducat
1054 967 1063 997 ;

74 1013 207 1050 Omnis
226 1013 261 1047 in
281 1011 443 1047 Ascanio
460 1012 534 1046 cari
553 1019 625 1047 stat
643 1023 732 1047 cura
749 1020 921 1058 parentis.

75 1073 233 1109 Munera
252 1079 453 1116 praeterea,
475 1069 595 1105 Iliacis
613 1078 739 1115 erepta
757 1070 881 1114 ruinis,

75 1131 185 1166 Ferre
200 1129 316 1175 jubet,
334 1129 469 1174 pallam
489 1127 604 1172 signis
630 1139 792 1174 auroque
810 1128 999 1173 rigentem,

75 1189 122 1224 Et
141 1189 417 1223 circumtextum
437 1197 568 1220 croceo
587 1187 754 1221 velamen
778 1187 953 1230 acantho,

74 1247 237 1282 Ornatus
257 1244 414 1287 Argivae
436 1244 615 1285 Helenae,
634 1255 727 1289 quos
746 1243 806 1278 illa
827 1245 1007 1288 Mycenis,

76 1305 257 1348 Pergama
275 1313 387 1347 quum
406 1308 546 1347 peteret
565 1301 875 1348 inconcessosque
897 1303 1149 1346 Hymenaeus,

75 1363 279 1403 Extulerat,
299 1360 426 1395 matris
448 1360 569 1394 Ledae
588 1359 754 1395 mirabile
771 1360 909 1395 donum
928 1373 936 1400 ς

77 1422 269 1456 Praeterea
287 1425 483 1463 sceptrum,
506 1418 620 1452 itione
637 1418 735 1463 quod
754 1426 919 1462 gesserat
937 1418 1036 1461 olim,

77 1479 241 1514 Maxima
259 1484 426 1511 natarum
451 1475 596 1518 Priami,
614 1476 783 1521 colloque
802 1476 938 1511 monile

75 1538 290 1578 Baccatum,
310 1543 344 1569 et
363 1534 547 1580 duplicem
567 1534 723 1577 gemmis
741 1546 904 1580 auroque
921 1546 1108 1570 coronam.

76 1597 182 1632 Haec
199 1595 365 1630 celerans
384 1593 449 1628 iter
467 1593 514 1627 ad
535 1604 647 1628 naves
665 1593 839 1628 tendebat
865 1593 1030 1629 &chates

121 1655 167 1689 At
189 1653 371 1698 Cytherea
391 1663 486 1686 nova
505 1658 613 1693 artes,
631 1644 727 1685 n'ova
793 1659 893 1686 ctore
911 1658 1031 1687 versat

74 1711 262 1752 Consilia;
289 1717 326 1745 ut
345 1709 476 1744 sacient
496 1716 658 1744 mutatus
676 1717 710 1744 et
729 1662 794 1751 ἐξ
812 1709 958 1755 Cupido
1082 1731 1101 1742 .

76 1772 146 1807 Pro
163 1769 259 1804 dulci
279 1767 442 1803 Ascanio
461 1767 581 1801 veniat
600 1767 781 1813 donisque
799 1767 977 1802 furentem

76 1828 253 1865 lncendat
272 1826 450 1870 reginam,
468 1833 579 1870 atque
596 1824 744 1860 ossibus
762 1824 923 1870 implicet
943 1825 1075 1868 ignem.

73 1887 219 1933 Quippe
237 1885 389 1920 domum
409 1884 510 1918 timet
531 1882 744 1927 ambiguam
763 1883 969 1928 Tyriosque
988 1884 1181 1928 bilingues.

75 1945 157 1981 Urit
175 1952 277 1980 atrox
295 1943 403 1987 juno,
421 1949 455 1976 et
476 1942 544 1975 sub
562 1949 708 1976 noctem
727 1952 815 1976 cura
834 1949 1006 1976 recursat.

74 2005 173 2047 Ergo
191 2002 248 2037 his
265 2001 440 2045 aligerum
460 1999 569 2034 dictis
594 1999 739 2034 adfatur
758 2000 932 2034 Amorem
950 2010 959 2034 :

119 2062 257 2101 “Nate,
277 2070 382 2094 meae
401 2057 507 2099 vires,
526 2069 608 2092 mea
627 2068 760 2101 magna
785 2057 948 2102 potentia
968 2058 1081 2103 solus,

74 2120 184 2162 Nate,
203 2118 315 2164 patris
335 2116 466 2151 summi
486 2115 547 2160 qui
576 2116 647 2149 tela
667 2115 835 2160 Typhoia
853 2114 999 2159 temnis,

71 2179 129 2214 Ad
148 2186 183 2213 te
201 2176 383 2218 confugio,
402 2182 435 2208 ct
457 2175 607 2218 supplex·
628 2182 689 2208 tua
708 2173 857 2208 numina
878 2184 1003 2218 posco.

73 2237 200 2272 Frater
219 2243 254 2268 ut
279 2239 421 2267 Aeneis
441 2233 572 2277 pelago
591 2240 674 2266 tuus
692 2231 815 2265 omnia
834 2231 971 2267 circum

74 2294 195 2330 Litora
211 2292 378 2337 μαι-(ιιι,
396 2290 490 2324 mlius
509 2289 664 2334 junonis
684 2291 842 2337 iniquae,

1398 955 1495 1001 ⁶⁴5-

1398 1245 1471 1291 650
