1642 2651
106 109 156 150 32
387 123 422 152 ι».
451 122 613 151 venena
645 123 821 152 nasonia
849 124 1049 152 Λεκιιοοο
1079 123 1155 152 ιιι.
1187 123 1217 154 ι.

108 220 318 266 Expediunt
337 220 422 256 fessi
441 231 571 262 rerum,
591 221 787 267 frugesque
804 229 972 267 receptas

108 278 155 314 Et
174 286 311 315 torrere
330 287 458 325 parant
478 278 636 314 flammis
653 286 689 314 et
707 278 876 324 frangere
893 290 991 315 saxo.

154 337 302 372 Aeneas
320 338 510 382 scopulum
530 338 669 371 interea
687 337 913 375 conscendit.
934 344 970 373 et
987 348 1138 373 omnem

111 395 350 441 Prospectum
369 395 441 429 late
460 395 592 440 pelago
611 394 712 440 petit,
732 395 879 430 Anthea
896 394 926 430 si
944 406 1055 441 quem

107 452 294 498 jactatum
312 460 422 487 vento
439 452 562 487 videat
584 451 837 499 Phrygiasque
853 451 1026 497 biremes,

110 512 183 546 Aut
202 510 343 555 Capyn,
361 518 422 545 aut
441 510 549 545 celsis
568 509 602 544 in
622 510 807 556 puppibus
825 521 928 545 arma
949 509 1062 546 Calci.

113 569 257 604 Navem
277 567 312 602 in
330 575 531 614 conspectu
551 568 703 611 nullam,
722 574 797 603 tres
816 568 920 603 litore
938 579 1067 603 cervos

113 626 292 672 Prospicit
311 634 475 661 errantes
493 639 501 668 ;
529 627 596 661 hos
615 633 691 661 tota
709 634 878 661 armenta
896 633 1099 672 sequuntur

111 686 144 720 A
162 691 276 728 tergo,
295 693 329 718 et
349 684 498 727 longum
519 695 583 730 per
601 685 714 719 valles
733 684 894 729 pascitur
911 696 1054 729 agmen.

113 742 287 778 Constitit
306 742 377 784 hic,
395 753 594 788 arcumque
613 754 723 776 manu
743 743 954 787 celeresque
971 742 1127 786 sagittas

113 800 312 846 Corripuit,
332 800 427 835 fidus
443 811 538 846 quae
555 800 628 835 tela
652 801 802 844 gerebat
821 800 994 842 Achates,

116 860 371 904 Ductoresque
391 858 490 903 ipsos
509 858 677 903 primurn,
697 858 818 903 capita
836 857 910 892 alta
932 857 1090 892 serentes

116 917 298 952 Cornibus
316 915 491 958 arboreis,
509 915 648 958 sternit,
669 922 746 950 turn
765 916 905 959 volgus,
923 923 956 950 et
976 926 1125 950 omnem

118 974 251 1010 Miscet
270 985 383 1018 agens
401 973 483 1009 telis
502 984 654 1008 nemora
672 973 765 1008 inter
783 973 935 1008 frondea
953 973 1097 1008 turbam
1117 985 1125 1014 3

118 1034 199 1068 Nec
217 1032 316 1079 prius
334 1031 491 1073 absistit,
507 1043 620 1078 quam
639 1039 780 1077 septem
799 1031 965 1076 ingentia
982 1031 1099 1066 victor

117 1092 283 1137 Corpora
299 1090 428 1125 fundat
446 1089 561 1132 humi,
581 1097 616 1125 et
635 1101 829 1124 numerum
847 1100 930 1125 cum
949 1089 1106 1124 navibus
1123 1095 1266 1135 aequet.

119 1150 219 1185 Hinc
237 1155 382 1195 portum
402 1148 501 1194 petit,
521 1155 555 1183 et
574 1148 694 1182 socios
714 1147 868 1193 partitur
886 1147 922 1183 in
940 1158 1080 1182 omnes.

118 1208 215 1243 Vina
233 1208 351 1242 bonus
368 1218 463 1253 quae
481 1206 616 1241 deinde
634 1206 737 1241 cadis
754 1214 924 1241 onerarat
942 1207 1097 1241 Acestes

122 1267 243 1302 Litore
261 1264 453 1300 Trinacrio
471 1265 698 1310 dederatque
716 1264 937 1299 abeuntibus
954 1264 1076 1307 heros,

122 1323 276 1367 Dividit,
293 1330 328 1358 et
347 1322 456 1358 dictis
474 1322 676 1357 maerentia
694 1330 844 1368 pectora
862 1322 999 1357 mulcet
1017 1333 1025 1356 :

166 1382 188 1400 ‘⁸
204 1383 236 1418 O
255 1381 514 1426 socii—neque
531 1380 631 1414 enim
649 1380 766 1423 ignari
786 1391 912 1414 sumus
929 1388 1015 1414 ante
1034 1379 1263 1415 malorum-

123 1442 156 1477 O
174 1440 273 1486 passi
292 1439 474 1484 graviora,
495 1438 596 1473 dabit
616 1439 708 1473 deus
726 1438 783 1473 his
800 1449 947 1484 quoque
967 1438 1087 1473 finem.

124 1499 201 1534 Vos
218 1505 253 1532 et
274 1497 481 1542 Scyllaeam
500 1495 638 1531 rabiem
660 1495 878 1541 penitusque
899 1504 1074 1531 sonantes

126 1555 292 1592 Accestis
310 1554 495 1600 scopulos,
517 1566 581 1587 vos
599 1561 633 1588 et
655 1554 839 1599 Cyclopea
859 1565 946 1588 saxa

127 1613 277 1661 Experti
295 1625 302 1648 z
330 1620 499 1647 revocate
517 1612 672 1654 animos,
692 1619 948 1658 maestumque
966 1611 1135 1647 timorem

130 1671 266 1709 Mittite
286 1684 294 1712 ;
319 1670 441 1705 forsan
460 1676 495 1704 et
514 1669 606 1704 baec
625 1669 711 1704 olim
731 1669 945 1704 meminisse
959 1668 1110 1715 juvabit.

131 1732 199 1767 Per
216 1730 336 1764 varios
354 1739 471 1770 casus,
489 1738 553 1773 per
570 1734 621 1762 tot
641 1726 855 1762 discrimina
873 1738 1007 1771 rerum,

130 1788 334 1824 Tendimus
352 1786 388 1821 in
411 1785 564 1827 Latium,
584 1785 693 1820 sedes
711 1785 771 1819 ubi
797 1785 872 1820 sata
889 1785 1034 1831 quietas

131 1845 340 1883 Ostendunt
361 1857 368 1880 z
395 1843 467 1879 illic
484 1844 539 1878 sas
558 1854 672 1886 regna
690 1853 878 1887 resurgere
895 1842 1041 1888 Trojae.

133 1906 286 1946 Durate,
304 1910 339 1938 et
359 1909 498 1937 vosmet
519 1902 627 1935 rebus
646 1908 788 1935 servate
812 1900 1014 1936 secundis?

179 1962 286 1999 Talia
304 1972 394 1995 voce
412 1959 533 2001 refert,
552 1959 721 2005 curisque
740 1958 948 2003 ingentibus
966 1969 1077 2003 aeger

136 2023 248 2068 Spem
267 2019 365 2054 voltu
385 2017 542 2058 simulat,
564 2017 694 2061 premit
713 2016 827 2052 altum
847 2016 957 2051 corde
975 2016 1150 2053 dolorem.

140 2079 194 2116 nli
213 2089 253 2114 se
271 2076 429 2124 praedae
447 2075 642 2119 accingunt
660 2075 891 2121 dapibusque
909 2074 1037 2110 suturis
1052 2086 1061 2110 z

137 2139 303 2182 Tergora
319 2133 501 2179 deripiunt
521 2132 634 2168 costis
651 2140 684 2167 et
705 2133 844 2167 viscera
864 2132 1002 2168 nudant
1020 2145 1028 2168 :

141 2197 231 2232 Pars
249 2194 284 2229 in
302 2193 417 2228 frusta
435 2199 561 2226 secant
581 2190 800 2237 veribusque
818 2190 1011 2226 trementia
1030 2189 1168 2236 figuntg

142 2255 265 2291 Litore
282 2253 375 2286 aena
393 2250 515 2284 locant
534 2249 607 2292 alii,
626 2247 869 2295 flammasque
891 2247 1110 2285 ministrant.

143 2313 238 2347 Turn
256 2309 352 2345 victu
372 2315 543 2343 revocant
563 2306 671 2348 vires,
691 2305 834 2353 fusique
853 2318 916 2352 per
934 2306 1086 2342 herbam

147 2369 350 2417 Implentur
366 2364 499 2401 veteris
520 2363 655 2400 Bacchi
675 2363 894 2411 pinguisque
912 2363 1060 2400 ferinae.

1438 337 1498 373 i&

1443 624 1507 672 185

1446 922 1514 957 ¹90

1451 1211 1518 1272 ¹⁹⁵·
