1657 2636
393 113 424 140 P.
459 111 620 138 vamum
651 111 828 138 UABONIS
857 111 1056 138 autumnos
1088 112 1162 137 [AB.
1198 111 1219 137 1.

115 209 341 256 Improvisus
359 209 432 244 ait:
461 208 485 226 ‘⁸
501 209 646 251 Coram,
666 219 775 254 quem
802 207 988 253 quaeritis,
1007 208 1138 242 adsum

111 267 244 303 Troius
262 268 421 309 Aeneas,
443 266 588 310 Libycis
606 273 753 311 ereptus
771 266 818 300 ab
839 265 956 300 undis.

113 327 145 361 Ο
164 325 244 361 sola
261 324 431 360 infandos
451 323 584 368 Trojae
603 323 778 358 miserata
797 323 941 357 labores
961 325 968 357 ἱ

113 385 218 428 Quae
235 395 304 418 nos
322 382 494 428 reliquias
514 384 694 424 Danaum,
714 388 906 427 terraeque
925 381 1110 426 marisque

113 441 296 478 Omnibus
313 441 511 476 exhaustos
525 440 603 485 jam
622 439 779 482 casibus,
799 439 964 474 omnium
984 450 1122 484 egenos

114 501 217 536 Urbe
234 500 346 535 domo
364 498 495 533 socias.
548 498 682 533 Grates
700 498 908 544 persolvere
926 497 1058 541 dignas

114 559 202 594 Non
219 557 300 604 opis
318 564 373 592 est
392 562 553 599 nostrae,
574 555 675 590 Dido
692 568 700 598 ;
725 567 794 590 nec
811 555 986 601 quicquid
1006 556 1140 600 ubique
1158 564 1211 589 est

113 615 244 652 Gentis
266 614 488 657 Dardaniae,
507 625 683 658 magnum
701 625 795 659 quae
814 625 943 658 sparsa
961 626 1024 658 per
1042 614 1169 648 orbem
1187 626 1194 654 ;

115 673 165 709 Di
182 673 259 717 tibi,
278 672 307 708 si
325 683 399 718 qua
417 672 496 718 pios
515 679 724 717 respectant
743 671 905 715 numina,
924 671 954 706 si
974 671 1062 717 quid

116 733 286 778 Usquam
299 730 464 777 justitiae
482 737 537 764 est
555 737 591 764 et
610 741 714 765 mens
733 729 802 764 sibi
821 730 970 765 conscia
989 730 1090 773 recti,

117 789 285 825 Praemia
301 789 415 833 digna
431 788 559 822 ferant.
611 788 717 831 Quae
736 796 771 822 te
790 795 866 822 tam
885 788 981 822 laeta
1000 789 1157 822 tulerunt

115 847 297 883 Saecula?
321 846 383 892 qui
402 846 492 881 tanti
511 847 622 880 talem
640 857 801 890 genuere
820 846 1016 891 parentes?

118 907 160 941 In
178 906 271 940 freta
287 906 372 939 dum
392 904 490 939 fluvii
509 912 666 947 current,
684 905 772 939 dum
792 904 978 939 montibus
997 905 1148 939 umbrae

116 964 340 1000 Lustrabunt
358 974 534 1005 convexa,
556 963 661 1008 polus
679 963 767 997 dum
786 963 908 998 sidera
926 970 1063 1008 pascet,

116 1023 271 1068 Semper
287 1022 406 1056 honos
424 1032 633 1066 nomenque
651 1028 754 1055 tuum
773 1021 973 1066 laudesque
992 1022 1207 1064 manebunt,

116 1081 221 1124 Quae
238 1091 297 1114 me
314 1090 472 1125 cumque
490 1086 623 1114 vocant
641 1085 768 1114 terrae.
823 1078 882 1113 Sic
901 1079 996 1114 satus
1023 1079 1183 1114 amicum

118 1138 258 1174 Ilionea
276 1137 366 1183 petit
383 1137 512 1171 dextra
526 1137 704 1182 laevaque
725 1137 912 1172 Serestum
932 1149 938 1171 :

116 1198 204 1232 Post
221 1196 323 1239 alios,
342 1195 546 1240 fortemque
566 1195 673 1239 Gyan
692 1195 896 1240 fortemque
917 1196 1149 1230 Cloanthum.

161 1253 350 1299 Obstipuit
368 1253 487 1299 primo
505 1259 656 1298 aspectu
678 1253 831 1287 Sidonia
852 1252 962 1296 Dido,

117 1314 214 1348 Casu
232 1311 367 1347 deinde
384 1311 450 1345 viri
469 1318 572 1346 tanto
591 1324 599 1354 ;
626 1318 661 1345 et
681 1322 732 1346 sic
751 1322 813 1345 ore
840 1311 992 1356 loquuta
1008 1318 1064 1346 est
1083 1323 1090 1345 :

117 1370 244 1416 “Quis
261 1377 308 1412 te,
326 1376 412 1404 nate
432 1370 526 1412 Dea,
543 1379 608 1414 per
625 1375 728 1404 tanta
745 1369 907 1414 pericula
925 1380 1032 1403 casus

118 1423 352 1474 Insequitur?
376 1438 470 1472 quae
488 1427 542 1461 vis
561 1426 784 1461 immanibus
810 1426 970 1472 adplicat
989 1426 1062 1462 oris
1076 1427 1114 1461 ?''

116 1488 222 1522 Tune
238 1485 298 1521 ille
319 1487 477 1528 Aeneas,
497 1496 608 1530 quem
628 1485 819 1519 Dardanio
835 1485 1020 1520 Anchisae

115 1545 226 1579 Alma
247 1544 374 1578 Venus
395 1542 541 1587 Phrygii
560 1544 686 1587 genuit
707 1543 906 1577 Simoentis
925 1543 972 1577 ad
990 1543 1156 1590 undam?

119 1602 275 1647 “Atque
293 1600 465 1646 equidem
484 1601 667 1634 Teucrum
686 1600 836 1635 memini
857 1600 995 1635 Sidona
1012 1601 1147 1644 venire,

119 1660 272 1695 Finibus
289 1659 482 1704 expulsum
500 1658 638 1703 patriis,
657 1669 753 1692 nova
772 1669 885 1702 regna
903 1663 1088 1703 petentem

117 1717 263 1753 Auxilio
284 1717 370 1751 Beli.
425 1716 580 1750 Genitor
598 1723 674 1750 tum
696 1716 806 1750 Belus
825 1714 988 1761 opfinam

118 1775 299 1811 Vastabat
319 1775 480 1820 Cyprum
499 1782 533 1808 et
553 1773 668 1808 victor
685 1774 831 1808 dicione
850 1774 1007 1808 tenebat.

117 1835 303 1878 Tempore
316 1832 395 1877 jam
413 1843 456 1866 ex
475 1831 535 1865 illo
554 1842 661 1866 casus
681 1831 769 1865 mihi
789 1831 958 1875 cognitus
977 1831 1076 1866 urbis

117 1890 301 1936 Trojanae
319 1900 527 1934 nomenque
546 1896 646 1923 tuum
667 1900 843 1934 regesque
866 1890 1018 1934 Pelasgi.

121 1950 206 1996 Ipse
223 1947 339 1983 hostis
357 1949 521 1982 Teucros
540 1947 672 1992 insigni
693 1948 799 1982 laude
818 1948 970 1991 serebat,

121 2009 241 2053 Seque
259 2012 378 2041 ortum
396 2005 548 2051 antiqua
567 2007 792 2040 Teucrorum
811 2018 833 2040 a
852 2007 964 2052 stirpe
982 2007 1138 2042 volebat.

121 2065 245 2110 Quare
261 2063 370 2109 agite,
389 2074 411 2097 o
429 2063 546 2105 tectis,
561 2064 729 2108 juvenes,
752 2064 937 2099 succedite
956 2065 1099 2099 nostris.

122 2123 186 2158 Me
204 2132 350 2168 quoque
369 2132 434 2167 per
452 2121 584 2155 multos
604 2121 733 2156 similis
753 2122 898 2157 fortuna
916 2123 1059 2158 labores

121 2182 304 2226 Jactatam
323 2179 394 2214 hac
411 2179 561 2213 demum
580 2179 691 2214 voluit
711 2180 912 2215 consistere
931 2188 1034 2215 terra.

124 2239 210 2273 Non
229 2237 357 2283 ignara
376 2236 474 2278 mali,
494 2235 634 2271 miseris
655 2249 864 2272 succurrere
884 2238 1018 2273 disc0.''

168 2294 229 2332 Sic
246 2301 439 2338 memorat,
460 2294 567 2330 simul
585 2296 739 2330 Aenean
759 2295 794 2330 in
814 2296 915 2342 regia
931 2297 1031 2333 ducit

1456 102 1505 138 43

1443 216 1506 252 595

1445 1081 1515 1114 610

1446 1371 1512 1415 615

1447 1661 1515 1696 620

1448 1955 1514 1997 ⁶²5

1452 2245 1474 2278 6
1477 2254 1521 2290 30
