1642 2651
359 125 392 152 P.
423 124 586 150 vunnim
617 124 792 150 MAROMS
822 123 1020 150 AENEIDOS
1050 124 1126 151 Lm.
1160 124 1183 150 1.
1428 114 1474 150 37

82 220 245 256 Taurino
263 228 440 266 quantum
460 227 607 265 possent
629 219 857 254 circumdare
876 227 990 263 tergo.

82 279 156 314 Sed
177 289 242 312 vos
259 278 319 323 qui
339 277 515 312 tandem?
539 277 673 322 quibus
699 285 761 311 aut
780 277 931 311 venistis
950 278 997 312 ab
1016 277 1100 319 oris,

82 333 211 378 Quove
229 333 360 368 tenetis
378 333 444 367 iter
459 333 495 366 ?”
545 333 744 376 Quaerenti
765 333 898 366 talibus
919 332 977 367 ille
1413 342 1478 376 370

82 390 279 436 Suspirans
298 391 444 436 imoque
462 390 611 424 trahens
628 401 650 424 a
669 397 815 435 pectore
835 401 964 424 vocem
980 402 987 424 :

80 448 147 484 “O
168 450 261 492 Dea,
280 449 309 483 si
329 448 447 494 prima
465 456 634 493 repetens
653 448 699 482 ab
718 447 857 491 origine
879 460 1041 493 pergam,

81 507 130 543 Et
147 514 253 542 vacet
270 507 423 541 annales
442 513 649 540 nostrorum
668 505 795 540 audire
815 506 990 548 laborum,

80 566 178 601 Ante
195 565 294 600 diem
314 565 439 599 clauso
458 569 656 605 componat
675 565 1006 609 Vesper-Olympo.

30 635 33 637 ·
82 624 163 658 Nos
181 622 293 668 Troja
309 623 470 668 antiqua,
490 622 518 656 si
538 629 678 656 vestras
697 622 787 656 sorte
807 633 870 666 per
887 634 993 657 aures
1409 633 1472 667 375

80 681 212 727 Trojae
230 692 365 715 nomen
385 680 434 722 iit,
453 680 598 714 diversa
617 691 681 724 per
697 691 859 724 aequora
879 688 1002 714 vectos

82 739 192 775 Forte
210 750 276 774 sua
297 738 442 782 Libycis
461 744 661 782 tempestas
679 738 818 782 appulit
838 737 921 772 oris.

81 799 172 832 Sum
189 797 270 843 pius
289 798 447 834 Aeneas.
462 803 586 841 raptos
604 795 665 840 qui
685 807 728 829 ex
747 796 852 829 hoste
875 796 1029 830 Penates

81 855 210 890 Classe
227 854 321 889 veho
339 865 494 896 mecum,
514 853 612 887 sama
631 865 740 898 super
757 853 906 887 aethera
925 860 1041 888 notus.

82 912 228 948 Italiam
249 923 385 957 quaero
405 911 562 957 patriam
580 918 615 945 et
633 922 749 955 genus
767 911 813 944 ab
832 912 921 955 Jove
941 923 1094 946 summo.
1409 915 1476 957 380

80 970 144 1006 Bis
161 970 267 1005 denis
288 969 486 1014 Phrygium
505 969 704 1003 conscendi
724 969 879 1003 navibus
898 981 1045 1015 aequor,

81 1029 203 1064 Matre
220 1028 290 1062 dea
307 1035 536 1062 monstrante
556 1026 663 1070 viam,
683 1027 769 1061 data
788 1027 859 1061 fata
880 1035 1036 1062 secutus.

78 1087 150 1122 Vix
167 1093 309 1131 septem
327 1085 524 1120 convulsae
543 1085 650 1119 undis
670 1086 843 1129 Euroque
862 1092 1065 1130 supersunt.

82 1146 167 1190 Ipse
184 1144 345 1189 ignotus,
365 1154 491 1188 egens,
515 1142 650 1187 Libyae
668 1143 815 1177 deserta
840 1155 1006 1188 peragro,

80 1203 230 1247 Europa
246 1208 357 1246 atque
374 1200 464 1235 Asia
483 1200 644 1245 pulsus.”
696 1201 776 1235 Nec
795 1201 898 1244 plura
916 1209 1130 1246 querentem
1408 1206 1474 1250 385

80 1261 197 1295 Passa
213 1259 339 1293 Venus
357 1258 479 1293 medio
498 1257 549 1292 sic
570 1257 739 1292 interfata
759 1258 885 1292 dolore
904 1265 958 1292 est
976 1272 983 1293 ·.

126 1316 311 1363 “Quiquis
329 1328 378 1358 es,
399 1316 509 1358 haud,
527 1316 648 1351 credo.
670 1315 807 1349 invisus
823 1316 1043 1351 caelestibus
1061 1329 1168 1352 auras

78 1375 218 1411 Vitales
235 1374 367 1419 carpis,
385 1375 534 1418 Tyriam
553 1374 614 1418 qui
632 1373 826 1408 adveneris
842 1385 977 1409 uroe1n.

81 1435 197 1479 Perge
215 1433 337 1476 modo,
355 1438 465 1477 atque
483 1432 569 1466 hinc
588 1439 622 1466 te
642 1432 789 1476 reginae
804 1432 851 1466 ad
870 1432 996 1467 limina
1016 1433 1142 1477 prefer.

80 1493 252 1537 Namque
270 1490 335 1526 tibi
354 1490 506 1524 reduces
525 1489 646 1524 socios
664 1490 894 1535 classemque
914 1491 1066 1525 relatam
1408 1506 1477 1540 390

80 1549 234 1592 Nuntio,
250 1555 287 1583 et
304 1548 340 1582 in
359 1554 477 1582 tutum
494 1547 609 1581 versis
626 1547 860 1592 aquilonibus
878 1556 1011 1591 actam,

81 1607 281 1642 Ni-frustra
298 1605 489 1649 augurium
508 1604 590 1638 vani
610 1604 768 1638 docuere
787 1614 966 1649 parentes.

79 1664 215 1710 Aspice
233 1663 290 1698 bis
307 1673 428 1705 senos,
446 1663 625 1696 laetantes
643 1662 791 1706 agmine
811 1674 957 1707 cycnos,

78 1721 253 1758 Aetheria
269 1732 362 1767 quos
379 1721 483 1765 lapsa
501 1721 611 1765 plaga
628 1720 730 1764 Jovis
747 1721 824 1754 ales
843 1729 969 1765 aperto

78 1781 269 1816 ‘turbabat
286 1778 389 1813 caelo
409 1791 417 1819 ;
442 1789 539 1812 nunc
558 1786 672 1812 terras
691 1778 818 1812 ordine
840 1779 949 1823 longo
1407 1795 1473 1831 395

79 1841 153 1875 Aut
169 1847 302 1883 capere
323 1843 384 1871 aut
401 1843 530 1881 captas
544 1835 620 1880 jam
639 1836 854 1880 despectare
873 1837 1040 1871 videntur
1056 1850 1064 1878 ;

81 1897 134 1933 Ut
150 1896 304 1931 reduces
322 1894 372 1929 illi
391 1894 519 1928 ludunt
538 1893 775 1928 stridentibus
793 1893 872 1936 alis,

79 1955 129 1990 Et
145 1960 252 1989 coetu
270 1952 418 1987 cinxere
435 1952 571 1996 polum,
586 1958 789 1996 cantusque
807 1952 956 1994 dedere,

80 2011 196 2048 Haud
210 2011 315 2046 aliter
332 2020 547 2056 puppesque
565 2016 648 2043 tuae
667 2009 857 2054 pubesque
875 2016 1018 2044 tuorum

77 2072 151 2105 Aut
168 2075 314 2115 portum
332 2074 430 2102 tenet
449 2074 511 2101 aut
530 2066 638 2111 pleno
657 2067 753 2101 subit
771 2066 865 2101 ostia
884 2067 974 2101 velo.

79 2128 196 2172 Perge
214 2125 326 2160 modo
343 2131 389 2166 et,
407 2135 479 2170 qua
497 2130 533 2158 te
551 2124 649 2158 ducit
670 2123 740 2164 via,
761 2124 877 2168 dirige
899 2125 1098 2169 gi·essum.’'

126 2184 238 2227 Dixit,
257 2190 293 2218 et
311 2189 481 2217 avertens
500 2192 606 2216 rosea
624 2181 765 2215 cervice
785 2181 932 2224 refulsit,

77 2241 369 2286 Ambrosiaeque
387 2251 516 2273 comae
534 2239 699 2272 divinum
719 2239 853 2273 vertice
872 2240 1023 2274 odorem

79 2301 282 2346 Spiravere,
303 2298 416 2344 pedes
435 2297 544 2331 vestis
562 2297 710 2331 defluxit
739 2297 786 2331 ad
807 2298 907 2339 imos,

78 2358 127 2397 Et
145 2369 230 2392 vera
249 2356 394 2392 incessu
414 2355 529 2400 patuit
547 2355 619 2389 dea
684 2355 747 2389 llle
767 2355 826 2390 ubi
846 2363 1001 2391 matrem
1403 2376 1467 2411 ⁴05

1165 2095 1209 2140 s
1404 2086 1474 2117 ⁴⁰⁰
