1652 2620
124 82 173 122 ⁴⁶
404 95 434 122 P.
467 95 629 124 'mulli-al
662 97 838 125 nauem·
866 99 1066 127 annino·
1096 100 1172 127 1018.
1204 100 1229 128 Ι.

124 190 197 236 Qui
216 191 373 238 dapibus
391 204 539 227 mensas
557 201 725 236 onerent,
744 202 778 230 et
798 195 929 241 pocula
948 203 1097 241 ponant.

173 250 330 285 Necnon
348 258 384 286 et
402 251 501 295 Tyrii
522 262 586 296 per
603 252 730 287 limina
747 253 845 288 laeta
861 253 1072 300 frequentes

125 307 354 351 Convenere,
372 309 461 343 toris
474 309 567 354 jussi
586 309 820 346 discumbere
839 311 956 357 pictis.

126 364 309 400 Mirantur
326 366 425 401 dona
444 367 608 408 Aeneae,
628 367 806 404 mirantur
828 369 946 404 lulum

126 422 416 470 flagrantesque
434 423 493 459 dei
513 424 632 460 voltus
650 426 895 472 simulataque
913 428 1026 464 verba

126 481 338 528 pallamque
356 488 392 517 et
410 481 549 527 pictum
567 494 698 519 croceo
717 484 883 520 velamen
902 487 1072 524 acantho.

126 540 325 586 Praecipue
344 540 478 585 infelix,
498 541 592 587 pesti
611 542 747 578 devota
763 542 916 586 futurae,

126 598 272 644 Expleri
293 607 454 634 mentem
474 599 600 646 nequit
619 601 853 648 ardescitque
872 604 1009 639 tuendo

124 656 339 699 Phoenissa,
358 665 393 692 et
414 658 549 703 pariter
567 670 680 704 puero
697 659 878 706 donisque
897 669 1073 697 movetur.

125 714 191 749 llle
208 714 269 749 ubi
288 716 481 761 complexu
502 717 651 751 Aeneae
668 718 837 763 colloque
857 720 1029 765 pependit

124 773 171 808 Et
189 784 365 818 magnum
383 773 464 808 salsi
484 773 648 820 implevit
666 775 843 820 genitoris
860 788 1037 820 amorem,

122 831 306 876 Reginam
326 830 426 876 petit.
480 832 584 867 Haec
603 834 751 875 occulis,
770 834 862 869 haec
880 842 1028 880 pectore
1047 844 1124 871 toto

125 889 263 925 Haeret
282 897 317 924 et
337 889 519 924 interdum
537 890 679 933 gremio
697 891 806 935 fovet,
825 891 941 927 inscia
961 892 1073 938 Dido,

124 947 265 983 lnsidat
283 955 442 993 quantus
461 947 618 999 miserae
635 949 736 984 deus.
786 951 835 985 At
854 961 997 986 memor
1013 952 1074 987 ille

124 1005 256 1040 Matris
274 1004 464 1041 Acidaliae
481 1006 658 1052 paulatim
677 1008 826 1043 abolere
846 1009 1054 1054 Sychaeum

125 1063 268 1109 Incipit,
287 1071 323 1099 et
341 1064 425 1099 vivo
442 1071 559 1099 tentat
578 1074 809 1110 praevertere
828 1078 955 1102 amore

119 1122 349 1168 jampridem
367 1122 509 1157 resides
526 1123 671 1158 animos
687 1124 916 1171 desuetaque
933 1126 1055 1161 corda.

170 1180 372 1227 Postquam
389 1180 508 1227 prima
525 1181 630 1227 quies
647 1182 776 1228 epulis,
795 1194 1020 1230 mensaeque
1039 1193 1214 1230 remotae,

122 1239 293 1274 Crateras
312 1250 468 1283 magnos
487 1247 650 1274 statuunt
669 1247 704 1275 et
722 1240 808 1275 vina
825 1250 1012 1277 coronant.

121 1296 181 1333 Fit
199 1297 373 1340 strepitus
390 1297 497 1332 tectis
516 1309 718 1344 vocemque
738 1310 802 1344 per
819 1300 944 1345 ampla
962 1301 1128 1337 volutant

121 1355 249 1390 Atria:
275 1355 487 1401 dependent
507 1356 629 1401 lychni
654 1357 888 1402 laquearibus
906 1359 1027 1393 aureis

124 1412 282 1457 Incensi,
300 1421 336 1449 et
355 1421 502 1449 noctem
521 1414 680 1449 flammis
699 1415 835 1450 funalia
853 1424 1014 1452 vincunt.

125 1472 197 1507 Hic
217 1471 363 1516 Regina
379 1482 530 1517 gravem
548 1473 706 1517 gemmis
723 1484 886 1520 auroque
904 1475 1071 1520 poposcit

124 1529 368 1575 Implevitque
386 1539 488 1564 mero
508 1538 684 1575 pateram,
703 1542 815 1576 quam
838 1532 947 1566 Belus
964 1540 1000 1567 et
1018 1543 1148 1568 omnes

121 1589 154 1623 A
176 1587 266 1622 Belo
284 1586 391 1623 soliti.
443 1587 539 1623 Tum
557 1588 655 1623 sacta
673 1588 818 1624 silentia
834 1589 941 1624 tectis
956 1602 963 1625 :

123 1645 148 1663 “
161 1645 339 1692 juppiter,
355 1646 563 1692 hospitibus
582 1658 668 1681 nam
687 1647 733 1682 de
751 1655 786 1682 te
804 1647 893 1682 dare
907 1648 991 1693 jura
1009 1649 1216 1695 loquuntur,

127 1705 237 1739 Hunc
255 1704 390 1739 laetum
410 1705 604 1751 Tyriisque
622 1705 721 1740 diem
741 1706 927 1752 Trojaque
945 1707 1118 1752 prosectis

123 1763 218 1798 Esse
237 1762 328 1796 velis
346 1770 566 1808 nostrosque
585 1763 692 1808 hujus
711 1764 926 1799 meminisse
943 1764 1114 1800 minores.

122 1820 232 1857 Adsit
250 1819 410 1855 laetitiae
432 1820 599 1856 Bacchus
617 1821 733 1863 dator,
753 1829 788 1856 et
815 1822 912 1857 bona
930 1822 1051 1867 Juno;

124 1880 172 1915 Et
190 1890 269 1922 vos,
289 1890 311 1912 o
328 1885 484 1920 coetum,
504 1878 616 1921 Tvrii,
634 1879 816 1914 celebrate
834 1879 1027 1916 faventes''

126 1937 242 1980 Dixit,
261 1945 296 1971 et
316 1945 341 1971 it
361 1947 527 1971 mensam
547 1936 695 1972 laticum
723 1937 848 1972 libavit
868 1937 1045 1973 honorem
1067 1952 1075 1979 ;

127 1995 323 2041 Primaque
342 1994 455 2029 libato
473 2005 618 2029 summo
637 2002 742 2030 tenus
760 1995 878 2039 attigit
896 2007 968 2030 ore.

124 2054 221 2088 Tum
243 2051 360 2087 Bitiae
377 2051 478 2087 dedit
498 2051 721 2098 increpitans
739 2066 746 2088 :
775 2053 834 2088 ille
852 2053 1007 2099 impiger
1025 2055 1146 2092 hausit

126 2112 369 2158 Spumantem
388 2117 553 2156 pateram
571 2118 607 2145 et
627 2111 736 2156 pleno
753 2122 792 2145 se
811 2111 942 2156 proluit
962 2124 1074 2148 auro:

127 2170 213 2206 Post
232 2167 292 2203 alii
313 2178 497 2213 proceres.
548 2168 700 2203 Cithara
717 2168 869 2204 crinitus
895 2169 1006 2215 lopas

128 2228 305 2264 Personat
324 2232 463 2269 aurata,
480 2225 605 2261 docuit
624 2237 733 2272 quern
757 2226 939 2263 maximus
957 2227 1071 2263 Atlas.

128 2285 202 2322 Hic
219 2282 319 2320 canit
335 2290 521 2319 errantem
539 2283 664 2319 lunam
682 2283 845 2332 solisque
861 2284 1030 2329 labore-3

1450 441 1522 476 7¹0

1450 730 1518 768 7¹5

1449 1021 1520 1056 7²0

1450 1311 1517 1349 72⁵

1452 1602 1522 1639 730

1449 1893 1517 1932 735

1388 2166 1523 2219 ’κο
