1642 2651
112 115 163 153 30
394 126 426 152 r.
458 125 621 154 vnum
651 125 829 154 numm
857 125 1058 155 sumno·
1086 126 1165 156 un.
1197 126 1225 156 ι.

159 222 264 258 Talia
278 223 430 269 jactanti
450 222 610 258 stridens
629 221 812 268 Aquilone
835 223 996 269 procella

113 281 244 316 Velum
262 280 421 316 adversa
438 279 533 323 ferit,
554 280 760 327 fluctusque
776 280 825 315 ad
843 280 965 316 sidera
981 279 1086 316 tollit⁴

114 340 348 384 Franguntur
366 338 455 374 remi
473 352 481 381 ;
507 345 586 374 tum
605 349 713 384 prora
730 337 861 374 avertit
879 345 914 374 ct
933 338 1042 375 undis

113 398 189 433 Dat
206 398 300 433 latus
319 410 325 433 :
353 397 557 443 insequitur
574 397 722 432 cumulo
740 403 958 443 praeruptus
975 408 1094 444 aquae
1112 408 1232 435 mons,

114 455 164 491 Hi
183 466 329 490 summo
347 455 382 489 in
401 454 512 490 fluctu
532 454 693 500 pendent
712 467 720 496 ;
744 453 803 489 his
821 454 920 490 unda
937 454 1135 492 dehiscens

111 514 264 549 Terram
284 513 377 548 inter
394 512 525 548 fluctus
543 511 658 559 aperit
677 525 686 554 ;
709 511 791 547 furit
809 518 935 548 aestus
951 512 1084 548 arenis.

110 574 203 607 Tres
224 572 345 607 Notus
362 571 535 617 abreptas
554 571 589 606 in
608 581 696 605 saxa
713 570 864 606 latentia
882 577 1075 617 torquet—

111 631 209 665 Saxa
226 636 358 664 vocant
380 629 460 664 ltali
480 627 612 663 mediis
629 639 725 675 quae
751 628 787 663 in
806 628 976 663 fluctibus
994 630 1137 664 Aras—

112 688 274 723 Dorsum
292 687 454 722 immane
472 686 563 722 mari
583 697 728 722 summo
745 699 753 728 ;
778 693 851 722 tres
871 687 991 722 Eurus
1008 687 1057 722 ab
1073 687 1149 722 alto

114 747 155 781 ln
172 745 299 782 brevia
317 752 353 781 et
373 746 499 790 Syrtes
518 751 634 790 urget,
652 745 862 780 miserabile
879 745 971 788 visu,

112 804 298 850 llliditque
314 802 421 838 vadis
438 811 550 850 atque
567 814 702 848 aggere
720 803 833 847 cingit
851 814 996 838 arenae.

112 863 249 906 Unam,
267 872 362 908 quae
384 861 515 907 Lycios
534 861 722 907 fidumque
741 861 898 896 vehebat
917 862 1094 905 Oronten,

112 920 233 967 Ipsius
250 927 336 955 ante
353 920 480 954 oculos
498 919 629 964 ingens
647 930 669 954 a
687 918 823 954 vertice
841 926 975 965 pontus

112 980 154 1014 ln
172 978 324 1025 puppim
343 978 422 1012 serit
439 989 446 1012 :
474 977 655 1012 excutitur
672 987 883 1023 pronusque
900 975 1077 1021 magister

108 1036 277 1072 Volvitur
295 1036 330 1071 in
349 1043 458 1081 caput
478 1048 487 1077 ;
511 1042 568 1071 ast
587 1035 687 1070 illam
705 1042 760 1070 ter
778 1035 909 1070 fluctus
928 1035 1066 1070 ibidem

108 1096 272 1142 Torquet
290 1105 405 1139 agens
423 1093 572 1138 circum,
590 1100 626 1129 et
645 1093 793 1139 rapidus
812 1100 914 1128 vorat
936 1104 1096 1139 aequore
1114 1101 1252 1132 vortex.

107 1154 299 1200 Adparent
319 1152 388 1187 rari
407 1159 539 1187 nantes
565 1151 602 1186 in
620 1151 764 1196 gurgite
782 1158 898 1195 vasto,

108 1212 222 1247 Arma
239 1210 372 1253 virum,
388 1209 621 1254 tabulaeque,
638 1216 673 1244 et
692 1209 805 1243 Troia
821 1220 911 1253 gaza
929 1220 994 1254 per
1011 1209 1139 1244 undas.

108 1270 191 1315 Jam
209 1268 370 1304 validam
393 1267 519 1302 Ilionei
539 1278 682 1309 navem,
697 1266 774 1311 jam
793 1267 896 1302 fortis
914 1267 1091 1310 Achatae,

109 1329 157 1364 Et
175 1339 248 1374 qua
265 1333 392 1362 vectus
409 1325 523 1368 Abas,
542 1333 577 1360 et
596 1337 667 1371 qua
686 1325 918 1368 grandaevus
936 1325 1076 1368 Aletes,

107 1387 205 1422 Vicit
223 1386 368 1430 hiemps
385 1397 394 1426 3
419 1384 509 1418 laxis
528 1384 683 1418 laterum
702 1383 944 1428 compagibus
962 1394 1092 1418 omnes

109 1444 304 1490 Accipiunt
324 1442 512 1478 inimicum
530 1441 685 1476 imbrem
705 1441 878 1485 rimisque
896 1441 1084 1477 fatiscunt.

158 1504 304 1538 Interea
321 1512 456 1545 magno
474 1500 617 1535 misceri
630 1499 1008 1545 -mur'rnurebontum,

109 1561 371 1605 Emissamque
389 1558 548 1594 hiemem
568 1558 680 1594 sensit
703 1559 898 1604 Neptunus
916 1565 951 1594 et
969 1557 1053 1593 imis

109 1620 250 1663 Stagna
269 1617 386 1652 refusa
406 1616 521 1658 vadis,
539 1616 700 1660 graviter
717 1627 925 1651 commotus
942 1629 950 1659 ;
976 1623 1011 1651 et
1029 1616 1105 1651 alto

110 1676 354 1722 Prospicicns,
374 1686 519 1709 summa
537 1674 723 1719 placidum
741 1682 850 1720 caput
873 1673 999 1709 extulit
1018 1674 1129 1710 unda.

112 1735 316 1780 Disjectam
336 1734 486 1767 Aeneae
505 1739 582 1767 toto
600 1731 698 1767 videt
717 1743 878 1778 aequore
894 1732 1064 1775 classem,

112 1793 301 1829 fluetibus
318 1801 516 1837 oppressos
536 1791 654 1824 Troas
673 1790 838 1836 caelique
855 1789 960 1825 ruina
974 1802 984 1832 ;

111 1853 192 1887 Nec
211 1850 349 1885 latuere
366 1848 440 1883 doli
460 1848 607 1883 fratrem
626 1848 781 1892 Junonis
799 1855 834 1883 et
854 1847 929 1882 irae
948 1860 956 1890 3

111 1910 250 1945 Eurum
269 1907 315 1942 ad
335 1918 374 1941 se
393 1906 673 1952 Zephyrumque
692 1914 810 1947 vocat,
829 1905 964 1940 dehinc
983 1905 1069 1941 talia
1089 1906 1184 1942 satur
1200 1918 1209 1943 ι

109 1968 309 2004 “Tantane
328 1977 393 1999 vos
410 1965 556 2009 generis
574 1964 687 1999 tenuit
709 1963 842 1998 fiducia
857 1964 965 1999 vestri
980 1963 994 1998 ?

108 2026 192 2072 Jam
211 2024 353 2059 caelum
372 2030 580 2068 terramque
600 2034 683 2057 meo
701 2022 780 2056 sine
799 2022 960 2064 numine,
980 2021 1101 2065 Venti,

114 2083 270 2119 Miscere
289 2090 322 2116 et
344 2088 466 2115 tantas
485 2080 628 2115 audetis
647 2080 773 2115 tollere
793 2080 937 2115 moles?

110 2142 214 2186 Quos
232 2139 416 2184 ego—sed
438 2147 557 2173 motos
576 2146 736 2184 praestat
764 2149 987 2183 componere
1005 2137 1159 2173 fluctus:

113 2200 199 2235 Post
218 2197 306 2234 mihi
327 2207 400 2232 non
419 2196 527 2231 simili
549 2208 666 2242 poena
685 2195 883 2230 commissa
903 2196 1018 2231 luctis.

115 2258 299 2293 Maturate
317 2255 453 2300 sugam,
474 2255 622 2301 regique
641 2255 730 2289 haec
750 2254 861 2289 dicite
881 2262 1027 2298 vcstr03

116 2317 199 2351 Non
220 2315 270 2350 illi
289 2312 482 2359 imperium
503 2313 621 2358 pelagi
641 2323 866 2358 saevumque
885 2312 1093 2355 tridentem,

113 2374 184 2410 Sed
205 2373 293 2409 mihi
314 2376 411 2407 sone
428 2369 566 2406 datum.
619 2371 735 2405 'l'cnet
756 2370 815 2405 illc
842 2370 1016 2405 immania
1034 2381 1134 2414 saxa,

1441 407 1508 447 ιος

1442 986 1508 1024 ιις

1442 1566 1507 1603 ¹²5

1441 1856 1510 1895 ¹³0

1444 2146 1509 2185 ¹³5
