1642 2651
385 124 416 155 P.
451 127 612 154 ventum
645 125 820 153 mutosis
851 125 1052 153 Antemnos
1084 124 1159 152 Lm.
1196 126 1217 151 Ι.

154 225 354 270 Postquam
372 231 544 270 exempta
562 225 679 259 sames
698 224 815 264 epulis
835 234 1059 268 mensaeque
1079 228 1255 264 remotae,

104 283 274 318 Amissos
294 284 403 327 longo
421 283 542 317 socios
561 294 731 317 sermone
751 282 951 328 requirunt,

108 340 294 386 Spemque
312 348 524 386 metumque
545 341 638 375 inter
655 340 769 383 dubii,
788 352 851 375 seu
871 340 991 374 vivere
1011 339 1173 381 credant,

108 397 193 433 Sive
210 405 374 433 extrema
393 399 464 444 pati
486 410 553 433 nec
567 400 644 444 jam
663 398 836 433 exaudire
855 406 1017 433 vocatos.

110 456 308 502 Praecipue
327 456 409 502 pius
428 458 584 498 Aeneas,
604 468 700 490 nunc
728 456 870 499 Oronti,

108 514 218 548 Nunc
234 515 362 559 Amyci
382 527 509 549 casum
527 515 642 560 gemit
660 522 695 550 et
715 515 877 550 crudelia
896 526 1020 549 secum

109 571 200 607 Fata
220 573 317 617 Lyci,
337 573 541 619 fortemque
560 573 666 618 Gyan
686 573 891 618 fortemque
912 572 1145 607 Cloanthum.

153 631 202 666 Et
215 630 292 676 jam
313 631 394 666 finis
413 639 489 666 erat
510 645 517 672 ;
548 643 659 676 quum
678 631 845 677 Juppiter
862 631 1010 666 aethere
1030 641 1174 664 summo

109 689 328 734 Despiciens
347 701 446 724 mare
466 691 659 725 velivolum
680 698 868 736 terrasque
882 690 1050 735 jacentes

109 746 304 793 Litoraque
321 754 355 783 et
375 749 466 782 latos
486 749 651 793 populos,
672 749 723 784 sic
742 749 877 784 vertice
896 749 986 783 caeli

108 805 294 848 Constitit,
314 813 349 841 et
371 806 506 850 Libyae
525 807 647 841 defixit
668 807 806 841 lumina
824 807 955 851 regnis.

106 864 228 908 Atque
246 863 347 898 illum
367 866 457 898 tales
471 865 674 909 jactantem
695 873 841 910 pectore
860 877 966 900 curas

107 921 263 956 Tristior
280 929 315 956 et
335 923 493 956 lacrimis
513 924 638 957 oculos
658 924 796 958 suffusa
814 924 972 958 nitentes

107 979 327 1025 Adloquitur
344 981 470 1015 Venus
488 995 494 1016 :
523 982 542 997 “
557 983 600 1021 O,
621 982 680 1026 qui
701 993 758 1016 res
777 983 1042 1028 hominumque
1061 982 1246 1028 deumque

105 1037 278 1072 Aeternis
297 1037 392 1082 regis
411 1038 574 1084 imperiis
594 1047 627 1074 et
647 1040 798 1074 fulmine
818 1048 942 1082 terres,

109 1094 208 1138 Quid
226 1107 330 1130 meus
349 1098 496 1131 Aeneas
516 1098 551 1130 in
571 1105 605 1131 te
624 1099 853 1133 committere
873 1106 1025 1141 tantum,

109 1152 207 1198 Quid
225 1154 342 1188 Troes
361 1162 521 1199 potuere,
537 1156 669 1200 quibus
688 1164 738 1190 tot
759 1157 885 1191 funera
904 1156 1034 1201 passis,

109 1211 271 1246 cunctus
289 1213 337 1246 ob
359 1212 502 1247 Italiam
522 1220 700 1248 terrarum
719 1214 900 1248 clauditur
917 1214 1016 1248 orbis
1031 1214 1044 1248 ?

108 1269 217 1304 Certe
233 1269 318 1304 hinc
340 1271 529 1304 Romanos
547 1271 647 1314 olim,
665 1272 896 1306 volventibus
915 1271 1031 1309 annis,

110 1326 209 1362 Hinc
227 1327 303 1362 fore
321 1328 492 1363 ductores
511 1336 683 1364 revocato
700 1341 723 1365 a
740 1330 920 1375 sanguine
938 1329 1081 1372 Teucri,

109 1384 181 1428 Qui
198 1396 311 1429 mare,
331 1386 391 1432 qui
410 1394 526 1422 terras
544 1387 644 1422 omni
663 1388 809 1423 dicione
835 1394 1012 1431 tenerent,

109 1443 321 1486 Pollicitus;
348 1455 442 1490 quae
461 1452 506 1489 te,
525 1446 680 1490 genitor,
701 1448 886 1482 sententia
902 1446 1009 1481 vertit
1026 1447 1039 1480 ?

109 1501 194 1536 Hoc
211 1502 384 1547 equidem
402 1514 574 1538 occasum
595 1505 729 1549 Trojae
747 1505 943 1550 tristesque
964 1504 1088 1539 ruinas

109 1559 274 1603 Solabar‚
293 1559 378 1595 fatis
397 1561 580 1596 contraria
598 1562 673 1597 sata
691 1564 897 1608 rependens
916 1576 924 1605 ;

110 1617 220 1652 Nunc
238 1618 368 1652 eadem
388 1618 533 1654 fortuna
550 1621 648 1655 viros
666 1628 718 1656 tot
737 1622 884 1656 casibus
903 1628 1005 1656 actos

111 1675 328 1720 Insequitur.
381 1677 500 1720 Quem
519 1678 587 1712 das
605 1679 727 1722 finem,
748 1691 809 1714 rex
827 1690 970 1724 magne,
992 1679 1188 1714 laborum?

109 1736 276 1768 Antenor
293 1734 421 1779 potuit,
440 1736 571 1770 mediis
591 1737 738 1782 elapsus
758 1738 919 1780 Achivis,

113 1791 277 1836 Illyricos
295 1800 486 1836 penetrare
504 1794 606 1829 sinus
624 1802 735 1840 atque
754 1795 882 1830 intima
901 1803 999 1831 tutus

111 1850 241 1894 Regna
261 1850 517 1895 Liburnorum,
538 1860 573 1887 et
592 1853 730 1888 fontem
750 1866 922 1900 superare
941 1854 1099 1896 Timavi,

112 1907 224 1943 Unde
241 1919 307 1953 per
323 1919 387 1943 ora
406 1921 539 1945 novem
558 1919 662 1946 vasto
682 1923 764 1946 cum
792 1924 977 1947 murmure
996 1911 1132 1946 montis

113 1965 145 2001 1t
162 1976 264 2000 mare
282 1974 497 2013 proruptum
515 1975 551 2003 et
569 1969 700 2014 pelago
716 1971 847 2015 premit
865 1982 954 2005 arva
972 1969 1126 2005 sonanti.

113 2022 186 2058 Hic
202 2030 326 2059 tamen
345 2023 404 2060 ille
422 2026 550 2060 urbem
572 2027 697 2062 Patavi
717 2029 898 2074 sedesque
916 2028 1049 2063 locavit

110 2082 347 2125 Teucrorum,
365 2090 401 2118 et
418 2084 518 2128 genti
537 2096 672 2120 nomen
691 2086 804 2129 dedit,
822 2097 999 2132 armaque
1018 2086 1093 2121 fixit

111 2139 226 2174 Troia
241 2151 249 2181 ;
273 2150 371 2174 nunc
389 2140 536 2185 placida
554 2151 767 2188 compostus
795 2155 884 2189 pace
902 2144 1058 2190 quiescit
1077 2155 1084 2179 :

114 2197 206 2241 Nos,
222 2203 285 2231 tua
310 2198 518 2242 progenies,
539 2200 630 2234 caeli
649 2201 782 2246 quibus
800 2201 932 2237 annuis
949 2213 1084 2244 arcem,

114 2253 292 2298 Navibus,
310 2255 500 2291 infandum
519 2259 526 2291 ἔ
552 2258 710 2300 amissis,
729 2258 835 2293 unius
854 2260 902 2294 ob
921 2259 1010 2294 iram

116 2311 323 2356 Prodimur,
342 2320 453 2358 atque
475 2314 576 2350 Italis
593 2316 702 2361 longe
719 2316 964 2362 disjungimur
980 2318 1063 2353 oris.

113 2369 188 2406 Hic
205 2370 354 2417 pietatis
370 2371 518 2408 honos?
568 2374 629 2410 Sic
647 2385 715 2410 nos
733 2374 770 2412 in
788 2382 934 2423 sceptra
952 2375 1099 2423 reponis
1111 2375 1147 2412 ?”

289 2429 311 2464 3

1454 113 1502 149 33

1438 463 1506 488 220

1439 755 1504 791 2²5

1442 1048 1459 1072 2
1465 1047 1509 1082 30

1441 1337 1507 1374 235

1442 1631 1510 1664 ²40

1442 2211 1512 2249 250
