1652 2620
0 808 54 852 s

110 86 162 125 40
390 101 421 130 r.
455 102 618 133 nauita
647 106 825 138 umus
853 110 1053 140 Antinoe
1083 112 1159 141 un.
1191 113 1215 142 ι.

110 194 207 231 Diva
222 196 303 232 solo
320 197 411 234 fixos
427 199 554 236 oculos
570 212 701 239 aversa
715 205 874 243 tenebat.

106 253 181 289 Ter
196 254 333 291 circum
356 256 487 292 iliacos
506 267 713 305 raptaverat
735 262 898 300 Hectora
915 277 1049 310 muros,

107 311 404 360 Exanimumque
420 325 510 350 auro
528 328 660 364 corpus
680 320 860 358 vendebat
879 324 1052 360 Achilles.

150 370 246 405 Tum
265 382 351 406 vero
370 371 554 416 ingentem
572 376 750 420 gemitum
769 378 831 415 dat
850 390 998 426 pectore
1014 384 1086 418 ab'
1080 396 1166 428 imo,

107 427 158 463 Ut
175 428 303 474 spolia,
324 438 360 464 ut
379 441 519 474 currus,
540 440 651 479 utque
669 434 789 481 ipsum
808 448 939 484 corpus
956 452 990 475 az
994 442 1065 476 tici

102 485 408 534 Tendentemque
426 499 557 524 manus
579 491 764 528 Priamum
790 498 978 542 conspexit
998 498 1074 535 iner
1088 512 1166 536 nes.

103 543 152 579 Se
169 554 314 590 quoque
332 545 558 593 principibus
578 551 795 594 permixtum
813 554 989 598 adgnovit
1008 558 1173 602 Achivis,

102 602 277 649 ansque
294 603 394 639 acies
410 612 444 639 et
464 606 557 650 nigri
580 607 791 645 Memnonis
808 623 921 648 artua.

102 659 215 696 Ducit
233 661 500 697 Amazonidum
519 664 653 699 lunatis
671 667 820 711 agmina
839 671 945 714 peltis

102 718 334 754 Penthesilea
352 719 474 755 furens
492 722 698 768 mediisque
717 725 752 759 in
771 727 930 763 millibus
947 731 1063 775 ardet,

99 776 222 812 Aurea
238 777 460 813 subnectens
477 788 643 816 exsertae
661 783 806 827 cingula
825 797 1010 823 mammae

99 833 284 877 Bellatrix‚
301 835 485 881 audetque
504 837 589 872 viris
607 850 824 875 concurrere
843 843 954 888 virgo.
1057 842 1100 883 xl

146 891 250 926 Haec
268 891 355 926 dum
377 893 566 929 Dardanio
584 896 734 932 Aeneae
750 899 920 935 miranda
938 903 1119 950 videntur,

99 949 198 984 Dum
217 957 349 995 stupet,
369 952 569 998 obtutuque
587 953 714 989 haeret
731 956 897 992 defixus
891 970 926 994 m
945 971 1029 1004 uno,

98 1006 240 1051 Regina
256 1007 303 1042 ad
321 1009 499 1054 templum
518 1010 633 1046 forma
652 1013 898 1057 pulcherrima
919 1017 1028 1062 Dido,

98 1065 252 1100 Incessit
273 1076 410 1111 magna
423 1066 600 1112 juvenum
621 1070 779 1115 stipante
797 1081 958 1112 caterva.

94 1123 223 1166 Qualis
241 1123 277 1157 in
298 1123 459 1159 Eurotae
478 1125 565 1170 ripis
582 1135 642 1162 aut
661 1140 727 1174 per
739 1130 829 1175 juga
848 1133 982 1177 Cynthi

94 1181 250 1216 Exercet
271 1181 393 1216 Diana
410 1182 556 1226 choros,
576 1196 688 1230 quam
707 1188 806 1223 mille
823 1198 972 1227 secutae

95 1238 194 1274 Hinc
211 1246 321 1285 atque
339 1239 423 1275 hinc
441 1241 691 1284 glomerantur
709 1246 990 1289 Oreades;i1¹a
1007 1252 1218 1296 pharetram

96 1297 175 1332 Fert
196 1288 360 1339 humero,
375 1298 621 1346 gradiensque
639 1302 728 1337 deas
746 1306 994 1349 supereminet
1012 1321 1166 1348 omnes:

92 1355 254 1390 Latonae
272 1355 423 1390 tacitum
443 1364 690 1404 pertemptant
708 1363 844 1406 gaudia
863 1373 1014 1410 pectus:

89 1412 192 1448 Talis
209 1420 285 1448 erat
308 1413 416 1455 Dido,
433 1415 544 1450 talem
563 1428 603 1452 se
621 1417 718 1453 laeta
736 1420 874 1457 serebat

92 1470 160 1505 Per
175 1470 330 1514 medios,
349 1471 489 1507 instans
507 1474 608 1519 operi
629 1477 822 1523 regnisque
842 1479 980 1516 futuris.

87 1528 182 1563 Tum
201 1528 339 1563 foribus
356 1529 474 1573 divae,
494 1532 617 1568 media
634 1536 818 1571 testudine
836 1539 972 1584 templi,

88 1586 225 1632 Saepta
243 1587 367 1629 armis,
386 1588 552 1634 solioque
570 1591 643 1626 alte
661 1593 818 1629 subnixa
835 1597 979 1633 resedit.

84 1643 172 1688 Jura
189 1644 301 1680 dabat
321 1646 495 1692 legesque
512 1648 610 1691 viris,
628 1661 854 1698 operumque
872 1655 1035 1692 laborem

88 1702 255 1738 Partibus
272 1704 455 1749 aequabat
476 1704 593 1749 iustis,
612 1716 675 1744 aut
694 1718 790 1745 sorte
809 1712 988 1757 trahebat,

85 1761 208 1806 Quum
227 1761 349 1796 subito
364 1762 510 1798 Aeneas
527 1776 706 1801 concursu
725 1769 903 1806 accedere
923 1782 1058 1816 magno

82 1818 229 1853 Anthea
249 1820 535 1867 Sergestumque
554 1822 651 1858 videt
671 1824 875 1872 sortemque
895 1830 1128 1876 Cloanthum,

81 1876 380 1922 Teucrorumque
397 1878 500 1920 alios,
517 1887 596 1915 ater
613 1893 705 1927 quos
722 1894 882 1930 aequore
900 1888 1006 1922 turbo

84 1933 294 1980 Dispulerat
315 1935 534 1982 penitusque
551 1937 643 1973 alias
661 1950 831 1977 avexerat
850 1954 943 1979 oras.

81 1991 269 2038 Obstipuit
288 1991 394 2027 simul
415 1992 504 2039 ipse,
523 1995 629 2030 simul
650 1999 838 2043 perculsus
854 2002 1014 2039 Achates

83 2048 310 2094 Laetitiaque
329 2058 502 2097 metuque
522 2065 530 2093 ς
554 2053 652 2089 avidi
671 2056 894 2102 conjungere
911 2060 1058 2098 dextr-ts

79 2106 268 2142 Ardebant
287 2120 295 2148 ς
320 2108 385 2144 sed
405 2120 462 2144 res
480 2110 624 2146 animos
643 2112 830 2158 incognita
847 2118 978 2154 turbat.

82 2165 335 2208 Dissimulant,
353 2175 388 2201 et
407 2168 503 2203 nube
521 2180 610 2204 cava
630 2173 864 2216 speculantur
889 2177 1024 2222 amicti,

79 2222 183 2266 Quae
202 2223 345 2259 fortuna
364 2224 461 2267 viris,
480 2226 636 2262 classem
655 2240 729 2274 quo
754 2230 858 2267 litore
877 2233 1049 2279 linquant.

78 2280 175 2323 Quid
195 2280 342 2317 veniant
364 2295 370 2317 :
396 2284 538 2318 cunctis
557 2296 642 2320 nain
665 2287 743 2321 lecti
765 2290 919 2326 nawibna
938 2293 1038 2330 ibant

78 2341 236 2373 orantes
255 2338 409 2383 veniam,
428 2348 463 2376 et
482 2343 658 2389 templum
677 2346 836 2382 clanune
859 2351 1040 2395 petebant.

1425 391 1494 437 ⁴8⁵

1422 690 1492 726 ⁴⁹0

1418 982 1485 1019 ⁴95

1417 1273 1484 1309 §oe

1414 1563 1478 1600 505

1412 1854 1479 1890 ςιο

1406 2143 1471 2182 ⁵¹⁵
