1642 2651
138 89 188 129 34
417 99 446 128 r.
479 99 644 128 νικοιιι
676 99 852 128 innoxio
880 100 1079 128 Αικειυοο
1110 99 1184 127 ιιι
1217 98 1244 128 ι.

185 198 258 235 otti
278 197 474 234 subridens
493 197 684 232 bominum
705 204 804 232 sator
821 205 932 244 atque
950 198 1104 233 deorum

138 257 260 300 Vultu,
278 268 352 303 quo
370 256 514 291 caelum
534 263 848 301 tempestatesque
868 263 1026 298 serenat,

138 315 276 352 Oscula
295 315 420 350 libavit
438 323 558 356 natae,
577 313 712 348 deliine
732 314 820 349 talia
840 314 934 348 satur
952 326 959 348 ι

137 372 162 392 ‘⁴
175 374 287 408 Parce
304 379 416 415 metu,
434 371 618 417 Cytherea
635 383 642 405 τ
677 379 827 407 manent
848 371 1001 407 immota
1019 379 1163 408 tuorum

139 431 234 468 Fata
251 430 316 466 tibi
335 443 342 469 ;
368 441 498 465 cernes
517 430 644 464 urbem
663 437 698 464 et
719 429 901 475 promissa
922 430 1047 464 Lavini

144 489 302 530 Moenia,
322 488 591 534 sublimemque
610 487 703 522 feres
724 488 772 522 ad
791 487 913 522 sidera
930 488 1021 523 caeli

143 547 423 592 Magnanimum
443 548 594 581 Aenean
615 558 623 588 ς
649 544 846 591 neque'me
864 546 1046 581 sententia
1065 547 1180 582 vertit⁴

143 604 216 641 Hic
233 604 299 640 tibi
317 604 438 647 (labor
453 603 566 644 enim,
585 603 736 650 quando
754 604 846 638 haec
864 611 899 639 te
917 615 1005 639 cura
1023 604 1218 648 remordet,

142 663 304 709 Longius
321 669 357 698 et
377 662 528 697 volvens
546 661 704 696 satorum
722 673 859 697 arcana
877 662 1048 703 movebo)

142 721 285 757 Bellum
303 720 434 765 ingens
450 728 552 763 geret
576 719 692 763 ltalia,
713 720 943 765 populosque
961 720 1101 755 seroces

141 779 364 821 Contundet,
383 789 577 823 moresque
598 777 684 812 viris
703 786 736 812 et
758 777 903 812 moenia
921 787 1047 823 ponet,

141 837 266 873 Tertia
283 837 372 872 dum
393 835 496 871 Latio
514 843 730 880 regnantem
749 834 880 870 viderit
899 842 1031 878 aestas,

141 897 334 939 ‘remaque
352 893 563 930 transierint
586 892 729 928 Rutulis
748 893 904 928 hiberna
920 893 1093 929 subactis.

142 955 190 990 At
208 965 298 1000 puer
315 951 507 994 Ascanius,
527 950 585 986 cui
605 962 702 986 nunc
720 962 928 996 cognomen
951 951 1030 987 Iulo

142 1010 426 1048 Additur—llus
443 1017 532 1053 erat,
551 1009 639 1044 dum
659 1020 717 1044 res
736 1008 836 1044 stetit
858 1009 926 1044 Ilia
944 1020 1105 1054 regno-

142 1069 310 1116 Triginta
326 1078 482 1113 magnos
497 1066 690 1102 volvendis
708 1067 898 1103 mensibus
915 1068 1023 1103 orbes

146 1128 305 1175 Imperio
322 1126 493 1173 explebit,
511 1136 739 1171 regnumque
756 1126 804 1161 ab
820 1125 908 1160 sede
930 1126 1055 1160 Lavini

143 1185 366 1228 Transferet,
383 1191 419 1219 et
437 1185 586 1228 longam
605 1183 719 1218 multa
739 1183 770 1218 vi
791 1183 928 1218 muniet
950 1184 1095 1218 Albam.

145 1245 218 1280 Hic
234 1244 313 1290 jam
331 1250 386 1278 ter
403 1249 551 1277 centum
570 1248 667 1277 totos
685 1241 899 1287 regnabitur
914 1252 1033 1277 annos

143 1303 264 1339 Gente
281 1301 350 1337 sub
371 1301 569 1344 Hectorea,
587 1299 707 1335 donec
725 1299 853 1344 regina
870 1299 1046 1335 sacerdos

145 1362 267 1397 Marte
282 1358 405 1405 gravis
423 1359 611 1403 geminam
629 1365 733 1403 partu
757 1356 860 1393 dabit
882 1358 948 1393 llia
966 1359 1116 1403 prolem.

146 1419 238 1455 lnde
254 1418 363 1463 lupae
381 1417 479 1452 fulvo
497 1415 649 1451 nutricis
666 1416 829 1461 tegmine
847 1416 964 1451 laetus

145 1477 324 1513 Romulus
342 1474 497 1521 excipiet
515 1481 678 1520 gentem.
695 1481 730 1509 et
754 1473 937 1509 Mavortia
955 1473 1093 1511 condet

146 1534 311 1577 Moenia,
333 1534 597 1578 Romanosque
615 1543 682 1567 suo
700 1532 747 1566 de
766 1532 916 1567 nomine
933 1532 1041 1568 dicet.

146 1593 217 1630 His
233 1603 305 1638 ego
321 1602 390 1627 nec
408 1597 527 1626 metas
545 1601 666 1625 rerum
685 1601 753 1625 nec
772 1597 940 1635 tempora
958 1601 1057 1635 pono
1072 1600 1080 1625 :

146 1649 346 1697 Imperium
364 1648 442 1683 sine
461 1649 532 1683 fine
551 1647 646 1682 dedi.
699 1648 797 1691 Quin
816 1658 949 1693 aspera
965 1648 1076 1692 Juno,

144 1709 250 1755 Quae
267 1719 368 1743 mare
387 1717 484 1742 nunc
503 1715 692 1752 terrasque
711 1714 809 1740 metu
836 1705 1053 1752 caelumque
1072 1705 1215 1751 fatigat,

144 1766 309 1804 Consilia
326 1765 362 1801 in
381 1765 512 1800 melius
531 1765 675 1806 reseret,
694 1775 913 1810 mecumque
932 1763 1068 1799 fovebit

144 1826 346 1865 Romanos.
366 1834 486 1857 rerum
504 1822 690 1865 dominos,
709 1829 934 1867 gentemque
951 1829 1126 1866 togatam.

145 1884 207 1921 Sic
224 1882 410 1929 placitum.
465 1880 593 1916 Veniet
615 1878 738 1914 lustris
757 1879 967 1915 labentibus
985 1887 1102 1923 aetas,

145 1942 268 1988 Quum
285 1940 419 1976 domus
435 1938 605 1973 Assaraci
630 1936 801 1972 Phthiam
819 1937 1013 1984 clarasque
1035 1937 1071 1972 Μ
1078 1947 1215 1982 ycenan

146 1999 303 2037 servitio
322 2004 473 2044 premet,
491 2008 535 2031 ac
554 1996 659 2031 victis
685 1994 936 2031 dominabitur
954 1995 1073 2040 Argis,

147 2060 331 2094 Nascetur
349 2055 501 2103 pulchra
520 2054 702 2100 Trojano:
720 2053 861 2098 origine
882 2054 1030 2097 Caesar,

149 2114 348 2162 Imperium
367 2114 530 2155 Oceano,
549 2112 687 2148 samam
705 2111 766 2158 qui
787 2111 957 2147 terminet
975 2111 1096 2156 astris,

144 2174 273 2220 Julius,
291 2183 312 2207 a
330 2181 467 2214 magno
484 2170 688 2205 demissum
709 2179 843 2204 nomen
867 2169 953 2204 lulo.

147 2232 258 2267 Hunc
275 2238 313 2265 tu
331 2228 418 2263 olim
438 2228 552 2270 caeto,
571 2227 699 2273 spoliis
719 2226 883 2263 Orientis
901 2234 1087 2271 onustum,

145 2287 316 2335 Accipies
334 2297 464 2322 secura
480 2299 489 2329 ς
516 2285 706 2320 vocabitur
724 2285 782 2319 hic
802 2296 948 2331 quoque
966 2285 1069 2321 votis.

146 2349 288 2395 Aspera
306 2352 383 2381 tum
401 2342 532 2392 positis
551 2343 744 2379 mitescent
765 2343 911 2378 saecuta
931 2342 1060 2384 bellis3

1468 264 1536 303 ²55

1473 1134 1543 1171 27⁰

1474 1425 1541 1463 ²7⁵
