1642 2651
398 120 429 146 P.
462 119 623 146 vunolm
655 119 832 145 »numus
863 119 1061 144 Anxitwos
1094 119 1165 145 mn.
1202 119 1224 145 1.

116 218 220 253 Cana
241 216 362 258 Fides,
383 224 416 251 et
439 217 562 257 Vesta,
586 218 700 250 Remo
719 227 802 249 cum
830 216 938 249 fratre
960 215 1135 258 Quirinus

113 275 202 320 Jura
218 274 359 309 dabunt
376 287 382 309 ε
410 274 511 308 dirae
530 274 623 308 ferro
642 281 676 308 et
696 273 936 318 compagibus
955 273 1042 307 artis

115 332 342 368 claudentur
362 333 452 367 Belli
471 339 598 377 portae
617 344 624 366 :
657 333 770 366 Furor
788 331 922 376 impius
941 330 1048 369 intus,

115 391 235 426 Saeva
252 391 386 426 sedens
405 402 515 436 super
532 401 645 433 arma,
664 396 699 424 et
718 397 866 424 centum
884 389 1028 423 vinctus
1047 389 1151 424 aenis

115 449 203 483 Post
221 454 364 494 tergum
382 448 502 491 nodis,
523 448 652 482 fremet
673 447 842 482 horridus
861 458 922 481 ore
941 448 1123 482 cruento.”

164 507 269 542 Haec
286 506 351 549 ait,
371 513 406 541 et
428 507 530 541 Maia
546 506 712 551 genitum
730 505 892 540 demittit
910 506 956 539 ab
975 506 1060 547 alto,

116 564 169 600 Ut
187 571 315 608 terrae,
334 571 446 610 utque
463 576 582 599 novae
601 571 750 609 pateant
773 563 1012 608 Karthaginis
1031 574 1134 597 arces

115 623 290 668 Hospitio
309 623 473 666 Teucris,
487 634 534 657 ne
551 622 614 657 sati
633 622 760 656 nescia
780 622 879 656 Dido

117 680 268 716 Finibus
286 689 435 716 arceret.
487 681 596 715 Volat
615 681 674 714 ille
692 692 758 726 per
775 683 861 714 aera
879 691 1056 724 magnum

114 738 287 784 Remigio
303 740 455 781 alarum,
475 750 518 774 ac
541 739 676 783 Libyae
694 738 787 773 citus
805 738 946 773 adstitit
965 738 1048 773 oris.

115 797 165 832 Et
177 799 256 843 jam
269 798 375 843 jussa
392 797 488 838 iacit,
509 804 722 842 ponuntque
739 797 876 831 ferocia
898 797 1007 831 Poeni

116 856 240 891 Corda
255 856 401 890 volente
419 855 499 890 deo.
558 856 599 889 In
619 855 746 900 primis
765 854 893 899 regina
910 854 1073 900 quietum

113 913 261 959 Accipit
279 913 315 948 in
335 914 497 948 Teucros
516 913 681 948 animum
701 920 937 957 mentemque
956 912 1167 957 benignam.
1235 903 1260 967 J

159 972 210 1007 At
226 971 308 1017 pius
327 973 486 1014 Aeneas,
506 983 572 1016 per
592 979 737 1005 noctem
758 972 915 1015 plurima
933 971 1096 1014 volvens,

116 1030 170 1065 Ut
187 1029 346 1075 primum
363 1030 423 1064 lux
439 1030 538 1063 alma
555 1029 643 1064 data
668 1036 734 1071 est,
754 1029 850 1063 exire
869 1029 1044 1074 locosque

115 1088 318 1133 Explorate
334 1099 463 1128 novos,
481 1098 572 1133 quas
590 1094 701 1122 vento
718 1087 915 1122 accesserit
933 1098 1026 1129 oras,

116 1147 187 1191 Qui
207 1152 369 1189 teneant,
386 1157 473 1180 nam
494 1145 631 1180 inculta
650 1145 758 1187 videt,
777 1145 996 1179 hominesne
1015 1146 1173 1190 somene,

116 1205 301 1249 Quaerere
319 1203 518 1246 constituit,
538 1204 720 1247 sociisque
738 1212 866 1238 exacta
885 1203 1026 1237 referre.

115 1263 283 1297 Classem
301 1261 338 1296 in
357 1273 521 1296 convexo
539 1273 732 1296 nemorum
751 1262 818 1296 sub
838 1273 926 1306 rupe
945 1269 1075 1295 cavata

113 1319 318 1355 Arboribus
336 1320 501 1355 clausam
520 1319 657 1354 circum
677 1326 784 1363 atque
803 1319 1037 1353 horrentibus
1057 1319 1195 1354 umbris

115 1378 285 1414 Occulit:
312 1378 391 1424 ipse
408 1389 482 1413 uno
500 1378 665 1423 graditur
683 1378 879 1412 comitatus
898 1377 1051 1420 Achate,

114 1437 210 1472 Bina
225 1447 337 1471 manu
356 1436 431 1471 lato
451 1436 617 1482 crispans
636 1436 783 1470 hastilia
802 1436 906 1481 ferro.

161 1494 228 1529 Cui
247 1500 366 1529 mater
383 1493 507 1528 media
524 1504 607 1528 sese
624 1493 705 1528 tulit
724 1493 833 1528 obvia
851 1493 954 1537 silva,

113 1551 277 1597 Virginis
294 1563 336 1586 os
355 1551 596 1596 habitumque
613 1563 756 1596 gerens,
777 1559 812 1586 et
830 1551 980 1596 virginis
1000 1563 1103 1587 arma
1134 1596 1137 1599 Ι

115 1611 334 1656 Spartanae,
350 1610 407 1644 vel
425 1608 544 1654 qualis
563 1620 678 1654 equos
698 1609 873 1643 Threissa
892 1609 1020 1653 fatigat

116 1668 340 1713 Harpalyce,
356 1668 618 1711 volucremque
636 1667 723 1711 fuga
741 1667 981 1711 praevertitur
1002 1667 1151 1702 Eurum.

115 1727 289 1771 Namque
307 1725 442 1760 umeris
460 1725 506 1759 de
524 1736 627 1759 more
646 1725 807 1759 habilem
826 1725 1068 1769 suspenderat
1087 1737 1213 1760 arcum

113 1784 301 1827 venatrix,
316 1783 544 1829 dederatque
561 1794 707 1818 comam
733 1783 938 1817 diffundere
957 1784 1086 1826 ventis,

115 1841 230 1877 Nuda
245 1852 351 1886 genu,
371 1841 543 1887 nodoque
562 1841 663 1875 sinus
682 1841 836 1876 collecta
854 1841 1017 1876 fluentes.

112 1901 169 1935 Ac
186 1899 294 1945 prior,
314 1898 334 1916 “
349 1900 484 1942 Heus,”
503 1898 632 1944 inquit,
652 1899 845 1943 “juvenes‚
867 1906 1069 1934 monstrate
1089 1910 1255 1935 mearum

112 1957 268 1993 Vidistis
285 1956 315 1992 si
333 1966 443 2001 quam
460 1957 520 1992 hic
538 1963 722 1991 errantem
741 1957 832 1992 sorte
852 1961 1040 2000 sororum,

67 2010 77 2016 ³
114 2016 349 2052 Succinctam
368 2015 553 2060 pharetra,
570 2021 606 2049 et
623 2015 835 2049 maculosae
855 2015 1016 2059 tegmine
1035 2015 1164 2059 lyncis,

111 2075 187 2109 Aut
203 2071 411 2118 spumantis
429 2072 508 2118 apri
527 2083 674 2107 cursum
693 2073 855 2107 clamore
873 2074 1134 2118 prementem.''

161 2131 222 2167 Sic
239 2131 366 2165 Venus
381 2143 390 2172 ς
417 2137 452 2165 et
472 2130 626 2166 Veneris
644 2138 773 2165 contra
791 2130 844 2165 sic
862 2131 957 2165 filius
976 2142 1081 2165 orsus
1099 2144 1106 2167 :

113 2187 135 2219 ι*
148 2189 262 2224 Nulla
278 2195 422 2224 tuarum
440 2187 568 2223 audita
584 2188 688 2230 mihi,
709 2199 828 2233 neque
847 2188 927 2223 visa
946 2200 1123 2231 sororum,

77 2275 85 2284 .
117 2249 312 2293 0—quam
329 2253 366 2281 te
383 2257 598 2290 memorem,
615 2247 756 2291 Virgo?
781 2258 940 2292 namque
958 2247 1057 2282 haud
1076 2247 1141 2282 tibi
1162 2249 1280 2283 voltus

113 2305 297 2348 Mortalis,
314 2315 384 2340 nec
401 2315 472 2339 vox
489 2304 679 2339 hominem
699 2312 814 2340 sonat.
868 2306 900 2340 O
919 2305 990 2340 dea
1013 2312 1112 2340 certe
1129 2318 1138 2347 ;

114 2365 173 2401 An
192 2363 331 2400 Phoebi
351 2363 480 2398 soror?
505 2373 553 2399 an
573 2363 834 2411 Nympharum
852 2363 1043 2409 sanguinis
1063 2364 1164 2399 una?

1444 401 1509 436 ²95

1446 691 1514 725 300

1447 983 1511 1018 305

1446 1273 1515 1308 310

1447 1563 1512 1599 3¹5

1447 1854 1514 1887 320

1449 2142 1514 2177 325
