1642 2651
367 123 398 150 Ρ.
432 123 591 150 vznolm
624 122 799 149 MARONIS
828 122 1027 149 AENsslnos
1059 123 1131 150 Lm.
1164 123 1187 149 1.

89 220 325 262 monstrarat,
344 226 451 265 caput
470 219 564 254 acris
582 219 665 264 equi
685 232 692 260 ;
717 219 770 254 sic
788 230 873 253 nam
893 219 968 253 fore
985 219 1082 254 bello

89 277 286 323 Egregiam
306 285 338 311 et
360 276 503 311 facilem
522 277 616 311 victu
638 288 700 322 per
719 278 865 311 saecula
882 284 1039 320 gentem.

90 336 162 372 llic
180 336 356 382 templum
375 334 509 380 Junoni
529 334 658 379 ingens
679 335 830 369 Sidonia
851 335 950 369 Dido

89 394 294 437 Condebat,
312 393 419 428 donis
438 394 651 439 opulentum
669 401 702 428 et
723 393 872 427 numine
890 393 1011 437 divae,

85 453 206 486 Aerea
222 451 278 486 cui
296 449 472 495 gradibus
491 450 686 494 surgebant
706 451 843 492 limina,
863 462 1050 496 nexaeque

85 512 182 544 Aere
200 509 333 550 trabes,
353 508 489 542 foribus
508 508 619 542 cardo
638 508 815 542 stridebat
834 509 945 542 aenis.

88 567 172 602 Hoc
190 566 347 613 primum
366 565 402 600 in
420 566 502 600 luco
521 577 614 600 nova
634 578 689 600 res
708 566 830 600 oblata
848 567 1017 601 timorem

88 624 218 667 Leniit‚
235 624 296 659 hic
313 623 471 669 primum
489 625 636 658 Aeneas
655 635 803 669 sperare
821 625 976 658 sulutem

85 683 219 725 Ausus,
238 690 272 716 et
291 681 435 716 afflictis
454 681 583 715 melius
601 681 787 716 confidere
806 682 924 716 rebus.

87 741 260 786 Namque
279 740 347 774 sub
365 739 502 780 ingenti
523 739 651 774 lustrat
669 740 756 774 dum
775 739 919 784 singula
937 741 1086 786 templo,

87 798 268 843 Reginam
288 798 493 843 opperiens,
514 798 614 840 dum,
632 809 726 843 quae
745 798 888 832 fortuna
908 798 954 832 sit
973 798 1064 842 urbi,

85 856 353 900 Artificumque
370 866 501 888 manus
520 855 613 889 inter
631 867 670 889 se
688 867 913 900 operumque
931 856 1094 891 laborem

90 915 256 957 Miratur,
273 913 372 947 videt
393 913 524 947 Iliacas
542 924 584 947 ex
604 913 730 947 ordine
749 925 892 958 pugnas

88 972 264 1017 Bellaque
277 970 355 1016 jam
374 971 473 1004 fama
491 978 606 1004 totum
627 971 775 1015 vulgata
793 983 858 1016 per
874 973 1012 1015 orbem,

85 1029 237 1065 Atridas
258 1029 516 1073 Priamumque
534 1035 570 1063 et
589 1040 737 1062 saevum
758 1030 939 1064 ambobus
958 1031 1150 1066 Achillem.

88 1087 274 1130 Constitit,
293 1093 329 1121 et
346 1085 544 1120 lacrimans
561 1098 567 1120 :
598 1087 620 1102 ‘⁶
637 1087 729 1129 Quis
744 1087 821 1131 jam
839 1088 973 1130 locus‚”
999 1088 1126 1134 inquit,
1147 1088 1335 1133 “Achate‚

88 1145 192 1191 Quae
210 1144 310 1188 regio
329 1143 364 1178 in
383 1143 487 1178 terris
506 1143 619 1177 nostri
640 1155 710 1177 non
730 1145 838 1189 plena
857 1145 1018 1180 laboris?

89 1204 147 1237 En
169 1202 334 1237 Priamus
352 1203 358 1235 !
386 1208 469 1235 sunt
490 1201 547 1235 hic
566 1201 676 1235 etiam
697 1213 762 1235 sua
780 1203 944 1247 praemia
963 1203 1061 1238 laudi
1078 1217 1086 1245 ;

89 1261 181 1296 Sunt
200 1259 370 1294 lacrimae
389 1269 518 1300 rerum,
539 1266 573 1292 et
592 1267 753 1292 mentem
772 1259 941 1294 mortalia
959 1268 1122 1305 tangunt.

89 1318 198 1354 Solve
217 1324 335 1351 metus
355 1329 362 1357 ;
390 1316 478 1350 seret
496 1316 587 1350 haec
606 1316 767 1362 aliquam
786 1317 850 1351 tibi
869 1317 966 1352 sama
986 1319 1172 1353 salutem.”

90 1376 150 1411 Sic
168 1375 228 1418 ait,
247 1383 357 1420 atque
375 1373 536 1408 animum
558 1374 698 1419 pictura
718 1376 834 1419 pascit
853 1375 962 1418 inani,

90 1434 208 1469 Multa
225 1443 388 1478 gemenS‚
411 1433 586 1477 largoque
606 1440 766 1467 umectat
786 1433 938 1468 flumine
953 1436 1101 1470 voltum.

137 1493 310 1536 Namque
327 1490 488 1532 videbat,
509 1490 559 1524 uti
578 1491 758 1525 bellantes
779 1492 957 1534 Pergama
976 1493 1112 1527 circum

91 1551 174 1585 Hac
191 1549 356 1593 sugerent
375 1548 488 1589 Graii,
507 1556 688 1593 premeret
709 1550 869 1593 Trojana
884 1550 1057 1594 jux-entus
1075 1564 1082 1592 ;

90 1609 174 1643 Hac
194 1607 369 1651 Phryges,
387 1605 537 1640 instaret
555 1617 659 1639 curru
679 1607 848 1641 cristatus
869 1608 1039 1642 Achilles.

90 1666 172 1700 Nec
190 1663 313 1710 procul
332 1662 417 1697 hinc
440 1662 549 1696 Rhesi
569 1662 684 1697 niveis
703 1665 858 1698 tentoria
878 1665 966 1699 velis

87 1721 293 1768 Adgnoscit
312 1720 519 1762 lacrimans,
542 1720 659 1765 primo
677 1733 771 1766 quae
790 1722 931 1767 prodita
952 1734 1082 1758 somno

88 1779 251 1826 Tydides
270 1779 384 1813 multa
402 1779 570 1812 vastabat
590 1779 703 1813 caede
723 1788 906 1819 cruentus,

88 1839 345 1882 Ardentesque
363 1835 491 1870 avertit
511 1848 625 1880 equos
645 1837 680 1870 in
700 1846 833 1877 castra,
855 1838 1067 1883 priusquam

90 1895 229 1932 Pabula
245 1900 454 1938 gustassent
475 1893 607 1938 'l'rojae
626 1894 890 1939 Xanthumque
917 1895 1102 1932 bibissent.

89 1955 198 1989 Parte
215 1952 287 1987 alia
305 1950 448 1995 fugiens
462 1950 608 1985 amissis
628 1953 773 1986 ‘l'roilus
792 1953 916 1994 armis,

90 2010 218 2047 Infelix
237 2020 327 2055 puer
342 2015 453 2054 atque
472 2007 590 2053 impar
607 2021 825 2051 congressus
844 2011 992 2054 Achilli,

90 2070 218 2104 Fertur
235 2066 353 2112 equiS,
373 2076 552 2111 curruque
570 2066 695 2101 haeret
715 2067 907 2112 resupinus
926 2069 1035 2111 inani,

89 2128 185 2163 Lora
202 2133 330 2160 tenens
348 2131 471 2158 tamen
491 2135 497 2156 :
527 2123 610 2158 huic
628 2125 820 2170 cervixque
835 2137 1036 2171 comaeque
1056 2129 1247 2164 trahuntur

89 2186 158 2221 Per
174 2190 322 2223 terram,
342 2188 377 2215 et
397 2192 500 2214 versa
520 2181 636 2225 pulvis
657 2181 865 2217 inscribitur
885 2183 998 2218 hasta.

91 2244 235 2278 Interea
252 2239 305 2276 ad
318 2238 493 2282 templum
514 2250 587 2273 non
606 2250 746 2284 aequae
769 2240 927 2275 l’nlladis
947 2241 1046 2276 ibant

89 2299 260 2336 Crinibus
282 2296 415 2331 iliades
435 2296 552 2340 passis
572 2298 793 2342 peplumque
812 2299 977 2334 serebant

90 2355 311 2405 Suppliciter
327 2354 449 2388 tristes
467 2360 501 2388 et
521 2361 648 2388 tunsae
668 2363 817 2401 pectora
833 2357 964 2401 palmis
981 2371 989 2400 ;

1426 113 1474 151 39

1409 288 1474 322 443

1409 578 1477 613 450

1410 868 1476 903 455

1412 1439 1478 1482 465

1411 1736 1480 1770 470

1413 2028 1478 2063 475
