1642 2651
374 103 403 129 Ρ.
438 103 599 130 vanem
632 102 809 129 lunonis
839 102 1038 129 Aaussmos
1069 102 1144 128 Lm.
1179 101 1202 128 1.

93 198 152 234 Ad
171 210 281 245 quem
300 205 378 234 tum
396 200 492 245 Juno
511 200 663 245 supplex
682 199 740 233 his
760 200 910 233 vocibus
930 211 995 233 usa
1013 206 1068 233 cst
1087 212 1094 233 z

95 256 255 302 “Aeole,
274 269 436 304 namque
454 258 518 293 tibi
538 257 664 292 divum
683 265 785 302 patei·
811 265 921 303 atque
940 258 1130 291 hominum
1151 268 1212 291 rex

95 314 144 350 Et
162 315 323 350 mulcere
343 316 443 350 dedit
463 315 594 350 fluctus
612 323 646 350 et
666 316 792 349 tollere
812 322 931 357 vento,

97 372 199 408 Gens
219 372 368 408 inimica
385 373 473 407 mihi
494 373 724 418 Tyrrhenum
744 373 893 415 navigat
911 384 1060 418 aequor,

97 430 206 465 Ilium
225 430 261 465 in
284 431 427 466 ltaliam
448 438 597 476 portans
618 431 806 476 victosque
828 432 1007 466 Penates:

98 488 226 523 Incute
244 489 319 523 vim
337 489 455 524 ventis
474 489 758 534 submersasque
775 489 890 523 obrue
909 500 1061 534 puppes,

95 547 171 582 Aut
188 557 256 592 age
274 547 439 582 diversos
458 554 493 582 et
511 547 640 592 disjice
659 558 814 593 corpora
832 554 958 592 ponto.

97 605 189 640 Sunt
207 604 296 638 mihi
316 605 372 639 bis
390 613 531 650 septem
552 606 752 650 praestanti
780 616 932 650 corpore
954 605 1165 650 Nymphae,

97 659 261 703 Quarum
280 671 374 706 quae
392 661 508 694 forma
530 661 776 705 pulcherrima
799 660 988 703 Deiopeia,

98 717 433 763 Conubiojungam
453 719 572 753 stabili
592 719 852 764 propriamque
876 719 1022 761 dicabo,

98 776 239 811 Omnes
257 782 296 811 ut
313 783 436 811 tecum
454 777 592 812 meritis
612 789 676 822 pro
695 777 828 812 talibus
847 788 965 811 annos

99 833 233 878 Exigat
251 841 286 869 et
305 835 457 879 pulchra
474 834 584 869 faciat
602 842 638 869 te
657 835 758 880 prole
776 835 1000 879 parentem.”

143 892 280 926 Aeolus
299 893 392 927 haec
410 899 538 927 contra
556 905 563 927 ι
592 893 612 909 “
624 894 739 935 Tuus,
760 904 782 926 o
800 892 937 937 regina,
957 892 1044 937 quid
1063 899 1169 937 optes

98 949 300 995 Explorare
318 950 422 985 labor
438 965 445 993 ;
472 951 561 985 mihi
576 950 680 995 jussa
699 962 893 995 capessere
912 951 966 984 fas
985 959 1049 985 est.

98 1009 155 1042 Tu
173 1007 274 1051 mihi,
294 1009 554 1054 quodcumque
573 1009 642 1043 hoc
661 1009 773 1053 regni,
790 1016 827 1043 tu
847 1015 993 1054 sceptra
1010 1009 1214 1054 Jovemque

100 1065 298 1107 ancilias,
316 1073 352 1100 tu
372 1066 440 1100 das
458 1066 575 1110 epulis
593 1067 813 1101 accumbere
832 1066 970 1109 divum,

101 1123 397 1169 Nimborumque
416 1124 506 1158 facis
525 1131 864 1169 tempestatumque
881 1124 1102 1169 potentem.''

149 1181 254 1216 Haec
273 1181 333 1215 ubi
353 1181 464 1225 dicta,
482 1193 613 1216 cavum
631 1193 810 1216 conversa
835 1182 988 1227 cuspide
1007 1189 1171 1216 montem

104 1239 253 1284 Impulit
271 1239 307 1274 in
325 1240 419 1274 latus
439 1252 446 1274 :
473 1251 517 1274 ac
534 1239 645 1282 venti,
664 1241 762 1275 velut
782 1239 930 1284 agmine
948 1240 1056 1282 facto,

101 1297 186 1341 Qua
202 1297 290 1332 data
307 1305 426 1342 porta.
447 1305 555 1333 ruunt
573 1305 608 1333 et
627 1305 743 1333 terras
761 1298 907 1333 turbine
925 1298 1094 1343 perflant.

103 1355 308 1390 Incubuere
325 1355 430 1399 mari,
449 1362 640 1401 totumque
658 1367 680 1390 a
699 1356 850 1390 sedibus
868 1356 952 1391 imis

105 1414 191 1448 Una
211 1414 403 1459 Eurusque
423 1414 618 1460 Notusque
636 1422 745 1449 ruunt
763 1415 964 1460 creberque
983 1414 1153 1460 procellis

101 1471 261 1514 Africus,
281 1478 317 1506 et
334 1478 459 1506 vastos
477 1472 627 1506 volvunt
645 1472 693 1506 ad
711 1472 819 1506 litora
837 1472 981 1506 fluctus.

107 1529 315 1575 Insequitur
332 1529 544 1574 clamorque
562 1529 680 1564 virum
698 1530 906 1575 stridorque
925 1531 1130 1565 rudentum.

105 1586 275 1632 Eripiunt
295 1587 416 1622 subito
434 1588 550 1622 nubes
568 1588 785 1633 caelumque
803 1588 975 1634 diemque

104 1646 330 1680 Teucrorum
348 1656 391 1680 ex
410 1646 524 1680 oculis
542 1658 549 1687 ;
575 1654 689 1690 ponto
707 1657 778 1681 nox
797 1646 946 1681 incubat
963 1653 1054 1681 atra.

107 1704 304 1738 Intonuere
323 1703 406 1748 poli,
426 1711 461 1738 et
479 1703 616 1738 crebris
635 1703 745 1738 micat
766 1704 912 1748 ignibus
930 1704 1066 1746 aether,

107 1762 417 1807 Praesentemque
436 1761 521 1796 viris
541 1761 721 1797 intentant
740 1762 864 1796 omnia
882 1769 1051 1798 mortem.

153 1819 351 1864 Extemplo
368 1820 515 1853 Aeneas
535 1819 726 1854 solvuntur
744 1819 876 1864 frigore
895 1821 1062 1854 membra
1078 1831 1087 1855 ε

108 1877 277 1922 Ingemit,
297 1883 332 1912 et
349 1877 516 1922 duplices
534 1878 691 1912 tendens
709 1878 756 1912 ad
776 1878 898 1912 sidera
917 1879 1060 1923 palmas

106 1934 214 1970 Talia
231 1945 322 1970 voce
336 1935 444 1969 refert
462 1947 469 1969 z
497 1934 518 1952 “
531 1935 563 1969 O
583 1942 708 1981 terque
727 1943 929 1981 quaterque
947 1935 1056 1978 beati,

107 1992 200 2038 Quis
217 2000 303 2028 ante
320 2003 385 2027 ora
403 1999 548 2038 patrum
566 1993 698 2038 Trojae
717 1994 786 2027 sub
804 1993 998 2028 moenibus
1016 1993 1100 2028 altis

109 2051 272 2096 Contigit
289 2057 463 2096 oppetere
481 2053 487 2085 !
515 2051 547 2085 O
572 2052 743 2085 Danaum
760 2051 960 2086 fortissime
978 2051 1099 2096 gentis

108 2109 254 2155 Tydide
272 2110 279 2143 !
305 2119 414 2144 mene
434 2108 556 2143 Iliacis
576 2110 794 2145 occumbere
813 2110 955 2155 campis

111 2169 198 2204 Non
216 2165 378 2213 potuisse
395 2172 531 2211 tuaque
549 2165 711 2201 animam
731 2168 825 2202 lianc
843 2167 1031 2202 effundere
1049 2167 1189 2211 dextra,

110 2227 250 2262 Saevus
268 2224 329 2260 ubi
346 2224 534 2259 Aeacidae
552 2224 624 2258 telo
638 2224 737 2269 jacet
760 2226 910 2268 Hector,
928 2225 988 2260 ubi
1008 2226 1137 2270 ingens

111 2283 318 2330 Sarpedon,
337 2281 398 2317 ubi
417 2289 469 2317 tot
489 2281 626 2317 Simois
645 2290 814 2328 correpta
831 2283 899 2317 sub
917 2283 1026 2319 undis

110 2342 224 2378 Scuta
240 2341 357 2376 virum
373 2341 572 2386 galeasque
589 2347 625 2376 et
642 2341 748 2376 fortia
765 2353 920 2387 corpora
938 2342 1079 2376 volvit.''

1451 555 1497 589 70

1453 841 1495 878 75

1460 2004 1504 2040 95

1440 2296 1506 2323 100
