1652 2620
123 109 172 148 38
406 121 436 148 Ρ.
470 120 631 148 namu
663 120 840 148 nantonis
870 119 1070 148 Atratino·
1099 119 1176 147 un.
1205 117 1234 147 ι.

122 216 321 263 Adgnovit,
340 216 402 253 tali
421 217 621 260 fugientem
639 224 695 252 est
713 227 804 253 voce
821 223 969 252 secutus
985 228 993 250 ;

122 275 250 320 “Quid
268 282 394 310 natum
413 275 532 315 toties,
551 274 710 309 crudelis
729 282 766 310 tu
785 284 941 320 quoque,
960 273 1062 309 salsis

125 333 236 369 Ludis
254 332 501 378 imaginibus?
527 343 591 366 cur
608 332 758 367 dextrae
773 332 926 376 jungere
944 331 1109 366 dextram

125 392 210 426 Non
228 391 346 433 datur,
364 402 408 425 ac
427 402 531 424 veras
550 389 677 424 audire
694 398 728 425 et
750 389 901 424 reddere
920 400 1029 423 voces
1041 388 1077 423 ἲ·

169 448 322 484 Talibus
341 449 494 489 incusat,
509 458 750 493 gressumque
767 447 813 481 ad
833 446 978 481 moenia
1002 445 1142 481 tendit:
1445 452 1519 488 410

123 508 171 543 At
190 507 317 542 Venus
333 506 492 541 obscuro
509 505 720 549 gradientes
738 507 822 540 aere
841 505 988 549 saepsit,

125 566 173 601 Et
190 564 306 599 multo
324 564 480 598 nebulae
500 563 636 598 circum
655 563 727 598 dea
745 562 835 598 fudit
854 562 1003 604 amictu,

124 624 283 659 Cernere
301 633 347 657 ne
364 632 446 668 quis
464 632 539 664 eos,
558 632 627 655 neu
646 632 728 666 quis
746 620 959 664 contingere
979 627 1113 664 posset,

126 679 296 716 Molirive
314 690 469 720 moram.
488 686 550 714 aut
569 678 738 714 veniendi
758 689 910 723 poscere
928 688 1070 713 causas.

127 739 213 785 lpsa
234 737 399 783 Paphum
419 737 588 772 sublimis
606 737 693 779 abit,
713 736 894 781 sedesque
913 735 1034 770 revisit
1449 741 1518 781 ⁴15

126 797 239 831 Laeta
257 806 353 836 suas,
373 794 433 829 ubi
452 794 630 839 templum
651 794 711 836 illi,
729 803 950 838 centumque
970 793 1116 828 Sabaeo

124 855 223 889 Ture
240 854 359 888 calent
378 863 476 894 arae,
494 851 676 896 sertisque
696 850 904 885 recentibus
922 850 1058 885 halant.

173 911 390 957 Corripuere
411 910 507 944 viam
528 910 675 951 interea,
694 920 766 955 qua
785 908 917 943 semita
934 915 1124 943 monstrat.

124 971 282 1015 jamque
299 967 551 1003 ascendebant
570 967 714 1011 collem,
731 965 792 1012 qui
811 966 988 1012 plurimus
1008 965 1086 1000 urbi

129 1026 311 1068 Imminet,
331 1025 580 1070 adversasque
599 1030 766 1068 aspectat
784 1023 943 1069 desuper
959 1034 1072 1058 arces.
1450 1031 1523 1067 420

129 1085 286 1121 Miratur
303 1083 439 1118 molem
458 1083 619 1125 Aeneas,
639 1081 800 1125 magalia
817 1081 1016 1127 quondam,

130 1143 283 1178 Miratur
302 1148 426 1187 portas
444 1140 711 1185 strepitumque
736 1146 772 1174 et
790 1146 904 1173 strata
921 1137 1072 1173 viarum.

130 1199 272 1233 Instant
290 1197 464 1232 ardentes
478 1195 578 1240 Tyrii
595 1207 603 1230 ε
631 1205 716 1240 pars
733 1194 868 1229 ducere
885 1204 1020 1236 muros,

130 1255 326 1301 Molirique
343 1264 467 1289 arcem
485 1261 519 1288 et
540 1253 710 1288 manibus
736 1251 952 1286 subvolvere
970 1262 1068 1295 saxa,

132 1316 218 1349 Pars
236 1321 364 1359 optare
382 1312 503 1346 locum
521 1319 619 1346 tecto
637 1318 672 1345 et
690 1309 909 1344 concludere
927 1309 1037 1344 sulco.
1452 1319 1521 1356 ⁴²⁵

127 1372 214 1417 Jura
232 1369 543 1415 magistratusque
562 1368 700 1411 legunt,
721 1373 963 1412 sanctumque
982 1372 1175 1401 sentatum.

131 1430 203 1465 Hic
221 1435 348 1475 portus
365 1427 426 1462 alii
444 1426 622 1461 effodiunt
643 1439 651 1466 ;
676 1424 736 1460 hic
754 1425 831 1459 alta
856 1422 1010 1459 theatris

129 1488 387 1523 Fundamenta
405 1486 527 1520 locant
545 1482 621 1525 alii,
641 1482 897 1528 immanesque
915 1482 1105 1517 columnas

132 1545 298 1592 Rupibus
315 1543 501 1585 excidunt,
521 1540 665 1576 scaenis
683 1541 819 1576 decora
836 1541 911 1575 alta
928 1540 1067 1575 suturis.

129 1603 259 1649 Qualis
276 1613 365 1649 apes
382 1608 523 1636 aestate
539 1611 636 1634 nova
655 1610 719 1645 per
737 1598 849 1633 florea
867 1609 949 1633 rura
1452 1607 1526 1646 ⁴30

130 1662 284 1697 Exercet
302 1659 371 1695 sub
389 1658 467 1694 sole
486 1657 602 1699 labor,
622 1667 735 1703 quum
752 1655 874 1699 gentis
891 1655 1037 1691 adultos

131 1720 302 1754 Educunt
321 1717 427 1758 setus,
444 1723 505 1751 aut
524 1725 637 1760 quum
662 1713 839 1759 liquentia
856 1713 967 1748 mella

130 1777 276 1822 Stipant
294 1783 329 1810 et
347 1774 445 1809 dulci
464 1772 678 1808 distendunt
699 1779 847 1806 nectare
864 1771 988 1813 cellas,

130 1837 202 1871 Aut
220 1844 332 1869 onera
348 1831 533 1878 accipiunt
552 1830 776 1872 venientum,
794 1836 855 1864 aut
873 1829 1020 1871 agmine
1038 1828 1135 1864 sacto

134 1894 311 1937 lgnavum
330 1890 432 1926 fucos
450 1899 561 1935 pecus
579 1899 602 1923 a
619 1887 859 1934 praesepibus
875 1894 999 1921 arcent
1018 1898 1024 1921 :
1454 1895 1523 1934 ⁴³5

134 1952 261 1986 Fervet
281 1960 373 1995 opus
395 1947 634 1992 redolentque
651 1945 779 1990 thymo
798 1943 997 1988 fragrantia
1015 1944 1147 1979 mella:

132 2010 199 2043 “0
218 2005 403 2048 fortunati,
421 2015 576 2051 quorum
591 2002 668 2048 jam
687 2001 834 2037 moenia
853 2009 1005 2045 surgunt
1021 2001 1058 2036 2⁸¹

131 2069 278 2102 Aeneas
296 2064 359 2106 nit,
379 2071 414 2098 et
432 2061 578 2106 fastigia
597 2059 747 2106 suspicit
768 2059 876 2094 urbis.

136 2125 245 2160 lnsert
264 2134 304 2158 se
323 2129 472 2168 sat-ptus
491 2120 636 2160 nebula,
654 2117 821 2153 mirabile
839 2117 951 2159 dictu,

135 2184 202 2218 Per
219 2180 361 2216 medios
380 2179 583 2223 miscetque
603 2176 700 2217 viris,
722 2186 841 2221 neque
859 2175 1017 2210 cernitur
1035 2175 1110 2209 ulli.
1195 2179 1223 2236 s
1455 2184 1529 2221 ῳ

182 2240 300 2275 Lucus
319 2237 354 2272 in
374 2237 462 2271 urbe
481 2235 545 2270 fuit
566 2234 699 2275 inedia,
719 2233 941 2268 laetissimus
959 2233 1110 2268 umbrae
1127 2245 1137 2276 ς

134 2299 218 2344 Quo
236 2295 394 2344 primum
410 2293 538 2340 jactati
558 2292 667 2328 undis
684 2299 718 2327 et
739 2291 881 2326 turbine
903 2291 1013 2326 l'oeni

136 2354 306 2392 Effodere
324 2353 406 2388 loco
424 2351 585 2397 signum,
603 2349 702 2396 quod
731 2347 829 2393 regia
849 2348 945 2392 Juuo
