1642 2651
344 113 375 139 Ρ.
408 111 571 138 vamum
601 109 784 137 luamus
814 108 1014 135 Assnmnos
1044 107 1120 133 Lm.
1154 107 1179 133 Ι.

64 210 230 252 Vestras,
251 210 360 252 Eure,
380 208 512 243 domos
532 220 540 248 ς
566 206 626 241 illa
645 217 684 241 se
702 205 817 251 jactet
836 204 871 239 in
890 205 973 239 aula

66 268 216 312 Aeolus,
235 273 271 302 et
289 268 415 302 clauso
431 273 622 300 ventorum
641 275 788 299 carcere
807 264 964 308 regnet.''

116 325 178 361 Sic
195 325 260 369 ait,
280 332 315 360 et
333 324 433 360 dicto
452 324 558 359 citius
577 322 720 358 tumida
737 332 898 367 aequora
916 322 1047 365 placat,

71 383 328 429 Collectasque
346 383 448 428 fugat
466 382 596 423 nubes,
616 381 805 426 solemque
824 379 973 414 reducit.

72 442 277 487 Cymothoe
296 441 403 476 simul
421 447 457 475 et
476 439 604 475 Triton
623 438 780 474 adnixus
797 445 906 474 acuto

74 500 282 535 Detrudunt
300 510 414 534 naves
433 498 585 544 scopulo
603 509 610 531 ε
639 497 736 531 levat
754 496 834 542 ipse
853 495 999 531 tridenti
1017 507 1026 537 ;

72 559 122 593 Et
137 565 263 593 vastas
281 557 398 604 aperit
419 557 543 601 Syrtes
562 562 597 590 et
616 562 796 600 temperat
815 565 968 600 aequor,

72 616 194 662 Atque
211 615 301 651 rotis
319 625 483 650 summas
503 613 644 648 levibus
663 612 863 658 perlabitur
881 612 1010 646 undas.

71 674 128 709 Ac
144 674 255 709 veluti
274 684 412 718 magno
430 672 466 707 in
485 672 621 718 populo
639 682 750 717 quum
770 682 882 715 saepe
901 678 1028 704 coorta
1045 677 1101 705 est

74 731 226 775 Seditio,
245 731 435 777 saevitque
452 730 586 765 animis
603 729 764 774 ignobile
783 729 912 774 volgus
929 741 938 770 ;

71 790 230 835 Jamque
246 789 346 825 faces
365 795 401 824 et
415 800 504 823 saxa
521 788 646 823 volant
665 788 778 832 (furor
795 798 898 821 arma
915 786 1113 829 ministrat)
1133 798 1140 821 :

74 848 171 882 Tum
189 848 324 893 pietate
342 858 493 892 gravem
511 857 555 881 ac
572 845 712 880 meritis
731 845 760 880 si
778 845 870 879 forte
888 845 1004 879 virum
1023 855 1133 890 quem

77 906 320 952 Conspexere,
340 905 461 947 silent,
481 903 706 949 arrectisque
723 903 873 937 auribus
890 903 1038 937 adstant
1057 915 1064 944 ;

80 964 145 998 Ille
162 963 256 1008 regit
273 963 381 998 dictis
400 963 558 1005 animos,
575 969 610 996 et
630 968 780 1007 pectora
797 961 933 996 mulcet
949 973 956 996 ε

78 1021 138 1057 Sic
156 1027 310 1057 cunctus
328 1021 448 1067 pelagi
468 1020 600 1055 cecidit
620 1020 751 1064 fragor,
771 1030 932 1064 aequora
950 1026 1146 1064 postquam

80 1079 314 1125 Prospiciens
331 1079 486 1124 genitor,
505 1078 680 1121 caeloque
699 1078 864 1112 invectus
882 1084 1009 1122 aperto

79 1137 211 1174 Flectit
229 1148 343 1183 equos
361 1148 541 1182 curruque
556 1136 684 1170 volans
702 1135 766 1170 dat
785 1136 862 1170 lora
880 1135 1052 1170 secundo.

128 1195 273 1230 Defessi
293 1195 506 1237 Aeneadae,
527 1205 621 1240 quae
642 1193 809 1238 proxima
827 1193 946 1236 litora,
967 1205 1074 1228 cursu

81 1253 318 1289 Contendunt
338 1260 473 1299 petere,
491 1259 526 1287 et
547 1252 685 1296 Libyae
702 1258 892 1286 vertuntur
909 1251 957 1286 ad
975 1263 1068 1286 oras.

128 1313 198 1347 Est
214 1312 251 1347 in
270 1322 418 1346 secessu
436 1311 547 1356 longo
565 1311 667 1345 locus
685 1323 691 1344 :
718 1309 838 1344 insula
856 1317 1001 1355 portum

83 1370 207 1405 Efficit
223 1370 370 1416 objectu
387 1370 555 1413 laterum,
574 1369 706 1414 quibus
725 1367 845 1403 omnis
863 1368 911 1403 ab
920 1359 1004 1403 'alto

86 1428 280 1474 Frangitur
296 1427 407 1473 inque
425 1427 526 1462 sinus
546 1426 680 1462 scindit
700 1437 782 1461 sese
806 1427 906 1461 unda
924 1427 1106 1462 reductos.

86 1485 187 1522 Hinc
202 1492 314 1532 atque
331 1485 418 1520 hinc
435 1492 563 1520 vastae
581 1496 690 1530 rupes
708 1484 920 1529 geminique
938 1485 1124 1520 minantur

89 1545 131 1580 In
148 1545 293 1580 caelum
310 1544 462 1589 scopuli,
481 1554 637 1588 quorum
656 1543 724 1578 sub
743 1542 878 1577 vertice
897 1543 970 1578 late

86 1603 260 1648 Aequora
276 1608 355 1636 tuta
373 1600 482 1636 silent
498 1613 505 1634 :
532 1607 610 1635 tum
628 1600 728 1635 silvis
747 1611 883 1635 scaena
901 1601 1063 1636 coruscis

90 1661 262 1706 Desuper
278 1659 515 1704 horrentique
533 1665 654 1693 atrum
672 1669 802 1693 nemus
821 1658 989 1693 imminet
1007 1659 1162 1703 umbra;

90 1719 227 1754 Fronte
245 1717 314 1752 sub
331 1717 489 1752 adversa
506 1716 667 1761 scopulis
686 1716 932 1762 pendentibus
956 1723 1113 1762 antrum,

92 1778 196 1812 Intus
213 1786 333 1822 aquae
350 1775 477 1810 dulces
495 1774 653 1820 vivoque
676 1774 807 1809 sedilia
825 1786 925 1817 saxo,

92 1834 351 1880 Nympharum
368 1833 501 1869 domus
521 1844 528 1867 ε
555 1833 615 1868 hic
633 1833 749 1868 fessas
767 1844 840 1867 non
859 1833 1006 1868 vincula
1024 1845 1138 1869 naves

94 1892 183 1929 Ulla
198 1898 340 1936 tenent,
355 1902 451 1926 unco
468 1902 543 1926 non
561 1891 688 1936 alligat
707 1902 844 1926 ancora
861 1902 995 1926 morsu.

94 1951 180 1986 Huc
196 1957 340 1996 septem
360 1951 505 1984 Aeneas
523 1949 688 1984 collectis
706 1949 862 1984 navibus
883 1949 983 1984 omni

93 2008 152 2043 Ex
167 2019 320 2044 numero
338 2007 435 2043 subit
453 2020 461 2049 ;
487 2017 530 2041 ac
549 2018 686 2051 magno
705 2006 843 2042 telluris
862 2018 989 2042 amore

94 2066 247 2112 Egressi
265 2072 392 2111 optata
409 2064 597 2110 potiuntur
615 2066 730 2099 Troes
748 2076 872 2108 arena,

97 2125 146 2160 Et
162 2125 240 2160 sale
256 2125 427 2159 tabentes
445 2129 545 2158 artus
564 2123 600 2156 in
618 2122 724 2157 litore
743 2130 895 2168 ponunt.

95 2184 153 2219 Ac
169 2182 329 2229 primum
346 2181 437 2216 silici
457 2181 655 2216 scintillam
674 2181 819 2216 excudit
838 2182 1001 2216 Achates

99 2240 343 2287 Suscepitque
361 2239 485 2284 ignem
505 2238 613 2282 soliis,
634 2246 744 2284 atque
763 2239 868 2273 arida
886 2239 1023 2275 circum

101 2297 337 2334 Nutrimenta
354 2296 466 2339 dedit,
485 2295 678 2341 rapuitque
699 2295 736 2330 in
753 2295 879 2330 fomite
899 2296 1097 2333 flammam.

98 2358 197 2393 Tum
215 2357 388 2392 Cererem
405 2360 616 2399 corruptam
635 2354 742 2388 undis
763 2354 1002 2400 Cerealiaque
1019 2367 1123 2390 amia

1414 99 1457 134 31

1403 214 1465 245 ¹40

1406 504 1467 539 ¹45

1407 794 1472 830 150

1412 1086 1474 1122 ¹55

1418 1370 1484 1406 160

1424 1662 1486 1708 165

1428 1964 1494 1997 170

1434 2254 1495 2291 ¹75
