1642 2651
171 437 225 503 P.
266 437 577 504 VERGILI
622 439 963 506 MARONIS
1004 441 1384 508 AENEIDOS

658 599 829 636 LIBER
868 600 899 636 1.

79 917 192 952 Arma
209 917 401 963 virumque
419 929 523 960 cano,
544 918 677 964 Trojae
695 919 756 964 qui
777 919 915 964 primus
934 920 981 954 ab
999 919 1073 954 oris

79 975 237 1020 Italiam,
254 976 330 1010 fato
357 976 542 1022 profugus,
563 976 776 1022 Lavinaque
794 977 891 1012 venit

81 1033 218 1078 Litora,
238 1034 394 1069 multum
413 1034 471 1069 ille
491 1042 525 1069 et
544 1035 648 1069 terris
670 1035 831 1080 jactatus
850 1042 886 1070 et
905 1037 979 1070 alto

78 1092 124 1127 Vi
142 1103 327 1138 superum,
347 1104 480 1127 saevae
498 1104 701 1127 memorem
718 1093 874 1138 Junonis
893 1095 940 1128 ob
959 1094 1064 1137 iram,

79 1151 200 1185 Multa
215 1161 362 1196 quoque
379 1158 416 1185 et
433 1151 531 1186 bello
550 1162 693 1196 passus,
711 1151 800 1186 dum
818 1152 993 1186 conderet
1012 1153 1152 1195 urbem,
1462 1166 1476 1201 5

79 1209 304 1255 Inserretque
321 1209 411 1244 deos
430 1209 545 1252 Latio,
563 1221 680 1254 genus
699 1210 797 1245 unde
817 1210 989 1245 Latinum

75 1267 284 1313 Albanique
302 1274 426 1313 patres
444 1274 557 1313 atque
575 1268 672 1302 altae
690 1268 839 1303 moenia
867 1270 1019 1304 Rornae.

125 1326 246 1370 Musa,
264 1325 354 1360 mihi
373 1337 505 1360 causas
524 1337 702 1370 memora,
721 1338 794 1371 quo
813 1327 963 1362 numine
981 1328 1094 1372 laeso,

78 1383 224 1428 Quidve
241 1384 381 1427 dolens,
401 1384 529 1428 regina
547 1384 658 1419 deum
676 1391 729 1419 tot
749 1385 895 1420 volvere
913 1397 1022 1420 casus

80 1442 269 1486 Insignem
290 1442 426 1488 pietate
444 1442 573 1485 virum,
592 1449 645 1477 tot
672 1443 774 1477 adire
793 1443 938 1478 labores
1442 1458 1482 1482 10

80 1500 282 1546 Impulerit.
338 1501 530 1534 Tantaene
549 1500 683 1534 animis
702 1501 922 1535 caelestibus
943 1501 1046 1538 irae?

128 1558 229 1593 Urbs
247 1557 399 1602 antiqua
417 1558 493 1600 suit,
515 1558 615 1602 Tyrii
637 1566 786 1593 tenuere
805 1559 939 1601 coloni,

83 1615 286 1659 Karthago,
309 1615 454 1649 Italiam
473 1622 602 1649 contra
620 1615 870 1660 Tiberinaque
892 1616 1002 1660 longe

80 1672 198 1715 Ostia,
216 1671 320 1706 dives
339 1683 451 1716 opum
471 1671 675 1716 studiisque
694 1673 898 1717 asperrima
917 1672 1001 1708 belli
1019 1686 1027 1714 ς

80 1731 202 1776 Quam
218 1730 314 1774 Juno
333 1729 444 1764 fertur
462 1730 567 1764 terris
587 1730 706 1774 magis
725 1731 896 1765 omnibus
915 1743 1027 1766 unam

80 1787 297 1823 Posthabita
314 1787 471 1822 coluisse
492 1787 614 1821 Samo.
671 1787 742 1821 Hic
762 1788 857 1821 iliius
876 1800 992 1830 arma,

81 1846 155 1881 Hic
172 1857 299 1880 currus
317 1845 383 1880 fuit
399 1859 408 1888 ;
435 1845 505 1880 hoc
525 1856 678 1890 regnum
697 1846 768 1880 dea
785 1846 958 1889 gentibus
977 1859 1069 1890 esse,

81 1904 120 1940 Si
137 1915 211 1950 qua
227 1903 302 1938 sata
320 1902 454 1945 sinunt,
469 1902 547 1947 jam
567 1909 645 1937 tum
665 1903 855 1949 tenditque
881 1904 1060 1950 fovetque.

82 1962 301 2007 Progeniem
321 1961 387 1996 sed
405 1961 504 1996 enim
523 1961 686 2006 Trojano
712 1974 734 1995 a
753 1963 932 2006 sanguine
951 1963 1035 1997 duci

79 2019 270 2062 Audierat,
287 2019 420 2064 Tyrias
437 2019 525 2053 olim
549 2030 644 2064 quae
663 2027 819 2054 verteret
838 2031 941 2055 arces
961 2034 968 2061 3
1444 2035 1488 2060 20

84 2078 183 2113 Hinc
202 2078 378 2124 populum
397 2077 470 2112 late
489 2089 615 2122 regem
632 2077 805 2122 belloque
825 2079 1026 2123 superbum

80 2137 287 2172 Venturum
307 2135 450 2170 excidio
472 2135 610 2179 Libyae
628 2147 634 2169 ι
663 2135 715 2170 sic
734 2137 880 2171 volvere
902 2138 1047 2173 Parcas,

86 2195 129 2230 Id
147 2201 316 2229 metuens
336 2193 543 2237 veterisque
562 2204 705 2227 memor
721 2194 892 2228 Saturnia
911 2195 1009 2239 belli,

86 2252 208 2287 Prima
225 2251 323 2297 quod
342 2251 389 2285 ad
409 2250 561 2294 ”frojam
579 2261 645 2295 pro
664 2250 759 2285 caris
777 2259 944 2295 gesserat
964 2253 1121 2297 Argis—

86 2310 258 2346 Necdum
276 2309 388 2344 etiam
407 2320 540 2343 causae
560 2308 694 2343 irarum
723 2310 898 2355 saevique
917 2311 1065 2346 dolores

762 2367 807 2404 27
